2015.01.08 23:00:03.709,1.33716,1.33754,1.76,2.44
2015.01.08 23:00:06.870,1.33716,1.33754,1.76,2.44
2015.01.08 23:00:48.804,1.33716,1.33754,1.76,3.19
2015.01.08 23:00:58.327,1.33716,1.33754,1.69,3.19
2015.01.08 23:01:48.812,1.33716,1.33753,1.50,1.75
2015.01.08 23:01:53.544,1.33716,1.33753,1.57,1.75
2015.01.08 23:04:22.366,1.33716,1.33754,1.76,2.44
2015.01.08 23:04:23.745,1.33716,1.33754,1.76,2.44
2015.01.08 23:04:56.174,1.33716,1.33753,1.69,1.94
2015.01.08 23:04:56.527,1.33721,1.33756,2.06,1.31
2015.01.08 23:04:57.453,1.33721,1.33756,2.06,1.31
2015.01.08 23:05:01.360,1.33718,1.33759,2.81,1.94
2015.01.08 23:05:01.461,1.33717,1.33753,1.76,2.44
2015.01.08 23:05:02.357,1.33717,1.33753,1.76,2.44
2015.01.08 23:05:21.197,1.33717,1.33753,1.76,2.44
2015.01.08 23:05:42.956,1.33717,1.33753,1.76,3.19
2015.01.08 23:05:52.795,1.33717,1.33753,1.76,3.19
2015.01.08 23:05:56.661,1.33717,1.33753,1.76,2.81
2015.01.08 23:06:07.494,1.33717,1.33753,1.76,2.81
2015.01.08 23:06:10.701,1.33717,1.33753,1.76,2.81
2015.01.08 23:06:22.824,1.33717,1.33753,1.76,2.81
2015.01.08 23:06:31.753,1.33717,1.33753,1.76,2.81
2015.01.08 23:06:33.858,1.33717,1.33753,1.76,2.81
2015.01.08 23:06:44.412,1.33717,1.33753,2.51,2.81
2015.01.08 23:07:33.656,1.33717,1.33753,2.51,2.81
2015.01.08 23:07:55.514,1.33717,1.33753,1.76,3.19
2015.01.08 23:08:55.579,1.33717,1.33753,1.57,3.00
2015.01.08 23:10:08.872,1.33716,1.33753,1.26,1.69
2015.01.08 23:10:37.819,1.33716,1.33753,1.26,1.31
2015.01.08 23:11:37.900,1.33716,1.33754,1.07,1.75
2015.01.08 23:11:38.452,1.33716,1.33754,1.26,1.94
2015.01.08 23:11:42.760,1.33717,1.33753,1.26,1.69
2015.01.08 23:12:02.601,1.33715,1.33753,1.76,1.94
2015.01.08 23:12:20.434,1.33716,1.33754,1.19,1.94
2015.01.08 23:12:33.330,1.33715,1.33754,1.39,1.94
2015.01.08 23:12:55.863,1.33715,1.33754,1.39,1.94
2015.01.08 23:13:32.248,1.33716,1.33751,1.29,1.69
2015.01.08 23:14:32.282,1.33715,1.3375,1.07,1.12
2015.01.08 23:14:44.832,1.33715,1.3375,1.10,1.07
2015.01.08 23:15:18.356,1.33715,1.33751,1.76,1.31
2015.01.08 23:15:30.479,1.33715,1.33751,2.14,1.31
2015.01.08 23:15:37.810,1.33715,1.33753,1.39,1.94
2015.01.08 23:15:39.852,1.33715,1.33753,1.39,1.94
2015.01.08 23:16:09.373,1.33723,1.33755,1.19,1.31
2015.01.08 23:16:09.575,1.33727,1.33754,2.25,1.94
2015.01.08 23:16:09.676,1.33719,1.33753,1.19,2.44
2015.01.08 23:16:11.758,1.33717,1.33753,2.51,2.44
2015.01.08 23:16:15.165,1.33717,1.33753,1.76,2.44
2015.01.08 23:16:41.659,1.33717,1.33753,1.76,2.44
2015.01.08 23:16:46.327,1.33717,1.33753,1.76,2.44
2015.01.08 23:16:53.974,1.33717,1.33753,1.76,2.44
2015.01.08 23:17:28.309,1.33721,1.33753,1.19,2.44
2015.01.08 23:17:28.821,1.33724,1.33753,1.19,2.44
2015.01.08 23:17:29.292,1.33732,1.33753,1.00,1.26
2015.01.08 23:17:29.596,1.33731,1.33753,1.00,1.94
2015.01.08 23:17:30.171,1.33731,1.33753,1.00,1.69
2015.01.08 23:17:30.710,1.33731,1.33753,1.00,1.69
2015.01.08 23:17:31.716,1.33723,1.33753,1.25,1.69
2015.01.08 23:17:32.274,1.33724,1.33753,1.00,1.69
2015.01.08 23:17:43.380,1.33723,1.33753,1.25,1.69
2015.01.08 23:17:44.388,1.33724,1.33753,1.00,1.69
2015.01.08 23:18:00.230,1.33728,1.33753,1.00,1.69
2015.01.08 23:18:01.677,1.33728,1.33753,1.00,1.69
2015.01.08 23:18:03.177,1.3373,1.33753,1.00,1.69
2015.01.08 23:18:09.790,1.3373,1.33753,1.00,1.26
2015.01.08 23:18:13.903,1.3373,1.33753,1.00,1.26
2015.01.08 23:18:40.052,1.3373,1.33754,1.00,2.06
2015.01.08 23:18:43.142,1.33729,1.33754,1.00,2.44
2015.01.08 23:18:45.911,1.33728,1.33754,1.00,2.44
2015.01.08 23:18:48.920,1.33729,1.33754,1.00,2.44
2015.01.08 23:18:49.571,1.33729,1.33754,1.00,2.44
2015.01.08 23:18:50.203,1.33729,1.33756,1.00,1.31
2015.01.08 23:19:03.129,1.3373,1.33756,1.00,1.94
2015.01.08 23:19:20.886,1.3373,1.33756,1.00,1.94
2015.01.08 23:19:29.294,1.33729,1.33753,1.00,1.31
2015.01.08 23:19:30.953,1.33729,1.33753,1.00,1.31
2015.01.08 23:19:32.624,1.33729,1.33753,1.00,1.94
2015.01.08 23:19:34.964,1.33729,1.33753,1.00,1.94
2015.01.08 23:19:46.014,1.33729,1.33753,1.00,1.94
2015.01.08 23:19:47.711,1.33729,1.33753,1.00,1.94
2015.01.08 23:20:43.223,1.33724,1.33753,1.25,1.94
2015.01.08 23:20:46.122,1.33724,1.33753,1.19,1.94
2015.01.08 23:21:02.777,1.33728,1.33753,1.00,1.94
2015.01.08 23:21:02.928,1.33728,1.33757,1.00,2.06
2015.01.08 23:21:03.874,1.33727,1.33757,1.31,2.06
2015.01.08 23:21:03.928,1.33727,1.33757,1.31,2.06
2015.01.08 23:21:59.327,1.33733,1.33755,1.00,1.94
2015.01.08 23:21:59.428,1.3372,1.33753,1.26,2.06
2015.01.08 23:21:59.580,1.33723,1.33753,1.19,2.44
2015.01.08 23:21:59.833,1.3373,1.33754,1.00,1.94
2015.01.08 23:21:59.985,1.33721,1.33754,1.19,3.19
2015.01.08 23:22:00.035,1.33721,1.33754,1.19,3.19
2015.01.08 23:22:00.671,1.33717,1.33754,1.19,3.19
2015.01.08 23:22:01.452,1.33717,1.33754,1.19,3.19
2015.01.08 23:22:01.589,1.33717,1.33754,1.19,3.19
2015.01.08 23:22:08.556,1.33717,1.33754,1.19,3.19
2015.01.08 23:22:56.776,1.33717,1.33754,1.19,3.19
2015.01.08 23:23:08.748,1.33717,1.33754,1.00,2.25
2015.01.08 23:23:23.193,1.33716,1.33754,2.25,2.25
2015.01.08 23:23:27.614,1.33717,1.33754,1.00,2.25
2015.01.08 23:23:34.129,1.33717,1.33754,1.19,2.44
2015.01.08 23:23:51.884,1.33716,1.33754,2.44,2.44
2015.01.08 23:23:56.809,1.33716,1.33754,2.44,2.44
2015.01.08 23:23:57.569,1.33717,1.33754,1.29,2.44
2015.01.08 23:23:58.099,1.33717,1.33754,1.29,2.44
2015.01.08 23:24:23.917,1.33716,1.33754,2.51,2.44
2015.01.08 23:25:23.993,1.33717,1.33754,1.00,2.25
2015.01.08 23:25:43.140,1.33718,1.33754,1.00,2.25
2015.01.08 23:25:47.183,1.33718,1.33754,1.00,2.25
2015.01.08 23:25:58.972,1.33717,1.33754,1.10,2.25
2015.01.08 23:27:37.841,1.33717,1.33759,1.00,1.87
2015.01.08 23:28:09.053,1.33718,1.33758,1.00,1.75
2015.01.08 23:28:32.880,1.33718,1.33758,1.00,1.75
2015.01.08 23:29:27.839,1.33718,1.33758,1.00,1.75
2015.01.08 23:30:03.165,1.33719,1.33753,1.00,1.50
2015.01.08 23:30:06.217,1.33718,1.33753,1.00,1.50
2015.01.08 23:30:08.269,1.33718,1.33753,1.19,1.69
2015.01.08 23:30:15.369,1.3372,1.33753,1.19,1.69
2015.01.08 23:30:28.742,1.3372,1.33753,1.19,1.94
2015.01.08 23:30:36.699,1.3372,1.33753,1.19,1.94
2015.01.08 23:30:37.308,1.3372,1.33753,1.19,1.31
2015.01.08 23:31:15.105,1.33721,1.33755,1.56,1.94
2015.01.08 23:31:15.357,1.33728,1.33755,1.25,1.56
2015.01.08 23:31:16.435,1.33728,1.33755,1.19,1.56
2015.01.08 23:31:23.106,1.33727,1.33755,1.19,1.56
2015.01.08 23:31:23.824,1.33727,1.33754,1.00,1.31
2015.01.08 23:31:24.381,1.33721,1.33753,1.19,1.76
2015.01.08 23:31:24.902,1.33721,1.33753,1.19,1.76
2015.01.08 23:31:35.364,1.33721,1.33753,1.19,1.76
2015.01.08 23:31:40.477,1.33722,1.33753,1.19,1.76
2015.01.08 23:31:42.437,1.33722,1.33753,1.19,1.76
2015.01.08 23:31:43.552,1.33721,1.33753,1.19,1.76
2015.01.08 23:31:44.568,1.33722,1.33753,1.19,1.76
2015.01.08 23:31:52.370,1.33746,1.33754,1.69,1.00
2015.01.08 23:31:52.522,1.33746,1.33777,3.19,1.95
2015.01.08 23:31:52.573,1.33746,1.33777,3.56,1.76
2015.01.08 23:31:52.875,1.33747,1.33783,1.56,3.94
2015.01.08 23:31:53.556,1.33748,1.33782,1.50,1.19
2015.01.08 23:31:53.657,1.33748,1.3378,1.50,1.19
2015.01.08 23:31:53.809,1.33733,1.3378,1.00,1.56
2015.01.08 23:31:53.860,1.33729,1.33782,1.07,1.69
2015.01.08 23:31:53.961,1.33731,1.33782,1.00,1.94
2015.01.08 23:31:54.543,1.33727,1.33783,1.32,2.44
2015.01.08 23:32:09.220,1.33726,1.33783,2.06,2.44
2015.01.08 23:32:49.593,1.33727,1.33783,2.06,2.81
2015.01.08 23:33:17.246,1.33728,1.33783,1.64,2.44
2015.01.08 23:33:23.024,1.33731,1.33784,1.56,4.31
2015.01.08 23:33:24.023,1.33732,1.33784,2.00,4.31
2015.01.08 23:34:18.729,1.33733,1.33784,1.94,3.94
2015.01.08 23:34:47.678,1.33733,1.33784,1.94,2.44
2015.01.08 23:35:13.936,1.33731,1.33784,1.94,2.44
2015.01.08 23:35:21.151,1.33731,1.33782,1.94,1.94
2015.01.08 23:35:44.940,1.33732,1.33783,1.94,1.94
2015.01.08 23:36:07.162,1.33732,1.33784,1.94,3.19
2015.01.08 23:36:08.930,1.33732,1.33784,1.94,3.19
2015.01.08 23:36:20.884,1.33734,1.33784,1.94,3.19
2015.01.08 23:36:21.325,1.33733,1.33784,1.94,3.19
2015.01.08 23:36:31.193,1.33737,1.33784,1.26,2.44
2015.01.08 23:36:48.824,1.33737,1.33784,1.26,2.44
2015.01.08 23:36:51.948,1.33739,1.33784,1.26,2.06
2015.01.08 23:37:03.893,1.33741,1.33784,1.29,2.44
2015.01.08 23:37:26.443,1.33741,1.33784,1.19,2.44
2015.01.08 23:37:27.550,1.33741,1.33784,1.19,2.06
2015.01.08 23:37:33.603,1.3374,1.33784,1.10,2.06
2015.01.08 23:37:47.848,1.3374,1.33784,1.29,2.06
2015.01.08 23:37:48.150,1.33743,1.33784,1.25,2.44
2015.01.08 23:37:50.988,1.3374,1.33784,1.29,2.44
2015.01.08 23:37:52.042,1.33743,1.33784,1.25,2.44
2015.01.08 23:37:52.821,1.33744,1.33784,1.00,2.44
2015.01.08 23:37:53.085,1.33741,1.33784,1.25,2.44
2015.01.08 23:37:54.353,1.33743,1.33784,1.00,2.44
2015.01.08 23:37:54.403,1.33743,1.33784,1.00,2.06
2015.01.08 23:37:57.386,1.3374,1.33784,1.29,2.06
2015.01.08 23:37:58.898,1.33741,1.33784,1.01,2.06
2015.01.08 23:37:59.654,1.33742,1.33784,1.00,2.06
2015.01.08 23:38:01.441,1.33739,1.33784,1.26,2.06
2015.01.08 23:38:01.643,1.33743,1.33784,1.00,2.06
2015.01.08 23:38:02.566,1.33743,1.33784,1.19,2.06
2015.01.08 23:38:14.153,1.33745,1.33784,1.00,2.06
2015.01.08 23:38:16.570,1.33742,1.33784,1.19,2.06
2015.01.08 23:38:20.839,1.33743,1.33784,1.19,2.06
2015.01.08 23:38:22.651,1.33743,1.33784,3.56,1.87
2015.01.08 23:38:22.806,1.33748,1.33784,1.87,1.87
2015.01.08 23:38:22.907,1.3375,1.33784,1.19,1.87
2015.01.08 23:38:23.008,1.33749,1.33789,1.19,1.75
2015.01.08 23:38:24.858,1.3375,1.33789,1.19,2.25
2015.01.08 23:38:26.443,1.33745,1.33788,1.56,1.12
2015.01.08 23:38:26.645,1.33753,1.33788,1.19,1.12
2015.01.08 23:38:27.052,1.33754,1.33789,1.19,2.62
2015.01.08 23:38:34.063,1.33746,1.33789,2.44,2.62
2015.01.08 23:38:34.369,1.33751,1.33788,1.31,1.12
2015.01.08 23:38:35.335,1.3375,1.33789,1.31,2.62
2015.01.08 23:38:36.521,1.33753,1.33788,1.19,1.12
2015.01.08 23:38:37.035,1.33753,1.33788,1.19,1.12
2015.01.08 23:38:37.338,1.33755,1.33783,1.19,1.87
2015.01.08 23:38:37.876,1.33756,1.33783,1.19,1.87
2015.01.08 23:38:38.734,1.33755,1.33783,1.19,1.87
2015.01.08 23:38:39.385,1.33755,1.33783,1.19,1.87
2015.01.08 23:38:39.637,1.33755,1.33783,1.19,1.50
2015.01.08 23:38:39.688,1.33754,1.3379,1.19,1.37
2015.01.08 23:38:39.839,1.33754,1.33793,1.26,2.62
2015.01.08 23:38:39.940,1.33754,1.33793,1.69,2.32
2015.01.08 23:38:40.041,1.33754,1.33793,1.69,2.32
2015.01.08 23:38:40.394,1.33753,1.338,3.19,1.37
2015.01.08 23:38:40.911,1.33753,1.33803,3.19,3.00
2015.01.08 23:38:41.422,1.33753,1.33803,3.19,3.00
2015.01.08 23:38:43.344,1.33756,1.33803,1.31,3.00
2015.01.08 23:38:45.602,1.33759,1.33803,1.26,3.00
2015.01.08 23:38:45.652,1.33759,1.33803,1.26,3.00
2015.01.08 23:38:47.164,1.33756,1.33803,2.06,3.00
2015.01.08 23:38:50.300,1.33761,1.33803,1.19,2.62
2015.01.08 23:38:51.057,1.33761,1.33803,1.19,2.62
2015.01.08 23:38:53.286,1.33761,1.33803,1.31,2.62
2015.01.08 23:38:54.512,1.3376,1.33803,1.39,2.62
2015.01.08 23:38:56.469,1.3376,1.33803,2.51,2.62
2015.01.08 23:38:56.671,1.33763,1.33803,2.06,2.62
2015.01.08 23:38:59.619,1.33763,1.33803,1.19,2.62
2015.01.08 23:38:59.723,1.33763,1.33803,1.19,2.62
2015.01.08 23:38:59.981,1.33764,1.33803,1.56,2.62
2015.01.08 23:39:00.183,1.33759,1.33803,1.26,2.62
2015.01.08 23:39:00.931,1.33764,1.33803,1.56,2.62
2015.01.08 23:39:02.386,1.33762,1.33803,1.19,2.62
2015.01.08 23:39:02.588,1.33762,1.33803,1.69,3.00
2015.01.08 23:39:02.739,1.33764,1.33803,1.19,2.62
2015.01.08 23:39:04.713,1.33765,1.33803,1.19,2.25
2015.01.08 23:39:04.815,1.33765,1.33803,1.26,1.57
2015.01.08 23:39:05.405,1.33767,1.33803,1.26,1.87
2015.01.08 23:39:06.588,1.3377,1.33803,1.26,1.57
2015.01.08 23:39:10.176,1.3377,1.33803,1.19,1.45
2015.01.08 23:39:10.378,1.3377,1.33803,1.39,1.57
2015.01.08 23:39:10.529,1.33763,1.33803,1.25,1.87
2015.01.08 23:39:10.971,1.33765,1.33803,1.29,2.62
2015.01.08 23:39:11.072,1.33765,1.33803,1.26,2.62
2015.01.08 23:39:11.598,1.33767,1.33803,1.29,2.62
2015.01.08 23:39:13.934,1.33769,1.33803,1.19,2.32
2015.01.08 23:39:15.613,1.33769,1.33803,1.19,2.32
2015.01.08 23:39:15.815,1.33767,1.33803,1.29,2.32
2015.01.08 23:39:15.916,1.33766,1.33803,2.51,2.62
2015.01.08 23:39:16.470,1.33764,1.33803,2.14,2.32
2015.01.08 23:39:18.524,1.33764,1.33803,1.76,2.32
2015.01.08 23:39:18.726,1.33767,1.33803,1.69,2.32
2015.01.08 23:39:20.667,1.33768,1.33803,1.19,2.32
2015.01.08 23:39:20.718,1.33768,1.33803,1.69,2.32
2015.01.08 23:39:21.924,1.33768,1.33803,1.19,2.32
2015.01.08 23:39:21.975,1.33771,1.33803,1.00,2.32
2015.01.08 23:39:22.277,1.33769,1.33803,1.19,2.32
2015.01.08 23:39:24.471,1.33764,1.33803,5.14,2.32
2015.01.08 23:39:28.353,1.33771,1.33803,1.19,2.32
2015.01.08 23:39:29.836,1.33773,1.33803,1.19,2.32
2015.01.08 23:39:29.937,1.33766,1.33803,1.26,2.32
2015.01.08 23:39:31.188,1.33773,1.33803,1.19,2.32
2015.01.08 23:39:32.348,1.33767,1.33803,2.14,2.32
2015.01.08 23:39:32.550,1.33765,1.33803,1.39,2.32
2015.01.08 23:39:32.752,1.33768,1.33803,1.19,2.62
2015.01.08 23:39:33.307,1.33773,1.33803,1.19,2.32
2015.01.08 23:39:33.381,1.33773,1.33803,1.19,2.32
2015.01.08 23:39:34.445,1.33773,1.33803,1.19,2.32
2015.01.08 23:39:34.597,1.33765,1.33803,1.76,2.32
2015.01.08 23:39:35.260,1.33771,1.33803,1.19,2.32
2015.01.08 23:39:37.980,1.33768,1.33803,1.56,2.32
2015.01.08 23:39:38.777,1.33772,1.33803,1.19,2.32
2015.01.08 23:39:39.370,1.33768,1.33803,1.56,2.32
2015.01.08 23:39:39.471,1.33769,1.33803,1.19,2.32
2015.01.08 23:39:40.096,1.33771,1.33803,1.19,2.32
2015.01.08 23:39:41.685,1.33768,1.33803,1.69,2.32
2015.01.08 23:39:42.088,1.33774,1.33803,1.25,2.32
2015.01.08 23:39:42.189,1.33774,1.33803,1.19,2.32
2015.01.08 23:39:42.291,1.33774,1.33803,1.19,2.25
2015.01.08 23:39:42.797,1.33768,1.33803,1.19,2.25
2015.01.08 23:39:43.099,1.33774,1.33803,1.19,2.32
2015.01.08 23:39:44.064,1.33772,1.33803,1.19,2.32
2015.01.08 23:39:44.281,1.33771,1.33803,1.25,2.32
2015.01.08 23:39:44.587,1.33765,1.33803,1.26,2.51
2015.01.08 23:39:44.638,1.33765,1.33803,1.26,2.81
2015.01.08 23:41:34.974,1.33763,1.33803,1.26,2.06
2015.01.08 23:41:56.269,1.33764,1.33803,1.26,2.06
2015.01.08 23:42:05.728,1.3376,1.33803,2.44,2.06
2015.01.08 23:42:19.224,1.33762,1.33803,1.31,2.06
2015.01.08 23:42:29.268,1.3376,1.33803,1.69,2.44
2015.01.08 23:42:33.331,1.33762,1.33803,1.31,2.25
2015.01.08 23:42:37.692,1.33764,1.33803,1.26,2.25
2015.01.08 23:42:41.711,1.33765,1.33803,1.26,2.25
2015.01.08 23:42:42.613,1.33766,1.33803,1.29,1.87
2015.01.08 23:42:43.133,1.33767,1.33803,1.19,1.87
2015.01.08 23:42:44.998,1.33769,1.33803,1.19,1.57
2015.01.08 23:42:47.300,1.33769,1.33803,1.19,1.57
2015.01.08 23:42:48.604,1.33769,1.33803,1.19,1.57
2015.01.08 23:42:48.737,1.33769,1.33803,1.19,1.57
2015.01.08 23:42:49.068,1.33769,1.33803,1.19,1.57
2015.01.08 23:42:50.516,1.33771,1.33803,1.19,1.57
2015.01.08 23:42:54.136,1.33773,1.33803,1.19,1.87
2015.01.08 23:42:54.618,1.33772,1.33803,1.19,1.57
2015.01.08 23:42:57.550,1.33771,1.33803,1.19,1.57
2015.01.08 23:42:57.751,1.33771,1.33803,1.19,1.57
2015.01.08 23:42:58.052,1.33771,1.33803,1.19,1.57
2015.01.08 23:43:04.566,1.33768,1.33803,2.89,1.57
2015.01.08 23:43:04.767,1.33773,1.33803,1.00,1.57
2015.01.08 23:43:04.818,1.33768,1.33803,1.26,1.57
2015.01.08 23:43:05.022,1.33768,1.33803,3.64,1.57
2015.01.08 23:43:05.328,1.33768,1.33803,1.66,1.57
2015.01.08 23:43:05.630,1.33768,1.33803,1.76,1.57
2015.01.08 23:43:05.731,1.3377,1.33803,1.19,1.57
2015.01.08 23:43:05.933,1.3377,1.33803,1.19,1.57
2015.01.08 23:43:06.034,1.33768,1.33803,2.14,1.57
2015.01.08 23:43:06.343,1.33774,1.33803,1.00,1.57
2015.01.08 23:43:06.444,1.33774,1.33803,1.19,1.57
2015.01.08 23:43:10.974,1.33772,1.33803,1.19,1.57
2015.01.08 23:43:11.239,1.33774,1.33803,1.19,1.57
2015.01.08 23:43:11.340,1.33774,1.33803,1.19,1.57
2015.01.08 23:43:13.154,1.33771,1.33803,1.76,1.57
2015.01.08 23:43:13.255,1.33771,1.33803,2.51,1.57
2015.01.08 23:43:13.356,1.33768,1.33803,1.26,1.57
2015.01.08 23:43:13.457,1.33771,1.33803,1.29,1.57
2015.01.08 23:43:13.795,1.33774,1.33803,1.19,1.87
2015.01.08 23:43:14.800,1.33774,1.33803,1.19,1.57
2015.01.08 23:43:16.559,1.33769,1.33803,1.64,1.57
2015.01.08 23:43:17.107,1.33773,1.33803,1.19,1.57
2015.01.08 23:43:24.454,1.33773,1.33803,1.19,1.57
2015.01.08 23:43:24.756,1.33768,1.33803,1.64,1.57
2015.01.08 23:43:27.774,1.33772,1.33803,1.31,1.57
2015.01.08 23:43:29.461,1.33775,1.33803,1.19,1.57
2015.01.08 23:43:30.400,1.3377,1.33803,2.14,1.57
2015.01.08 23:43:30.501,1.33772,1.33803,1.00,1.57
2015.01.08 23:43:30.602,1.3377,1.33803,1.26,1.57
2015.01.08 23:43:30.905,1.33773,1.33803,1.19,1.57
2015.01.08 23:43:31.208,1.33771,1.33803,1.29,1.57
2015.01.08 23:43:31.309,1.33769,1.33803,1.26,1.57
2015.01.08 23:43:31.410,1.33776,1.33803,1.25,1.57
2015.01.08 23:43:31.904,1.33773,1.33803,1.19,1.57
2015.01.08 23:43:33.618,1.33773,1.33803,1.19,1.57
2015.01.08 23:43:43.229,1.33774,1.33803,1.19,1.57
2015.01.08 23:43:43.331,1.33769,1.33803,1.76,1.57
2015.01.08 23:43:43.431,1.33772,1.33803,1.25,1.57
2015.01.08 23:43:43.482,1.33774,1.33803,1.00,1.57
2015.01.08 23:43:43.785,1.33776,1.33803,1.19,1.57
2015.01.08 23:43:44.494,1.33771,1.33803,1.76,1.57
2015.01.08 23:43:44.847,1.33771,1.33803,2.51,1.57
2015.01.08 23:43:45.387,1.33777,1.33803,1.19,1.50
2015.01.08 23:43:46.091,1.33777,1.33803,1.00,1.50
2015.01.08 23:43:46.494,1.33769,1.33803,1.26,1.57
2015.01.08 23:43:47.185,1.33777,1.33803,1.00,1.57
2015.01.08 23:43:49.300,1.33777,1.33803,1.19,1.57
2015.01.08 23:43:55.504,1.33776,1.33803,1.19,1.57
2015.01.08 23:43:56.534,1.33778,1.33803,1.19,1.50
2015.01.08 23:43:56.585,1.33777,1.33803,2.44,1.87
2015.01.08 23:43:56.636,1.33777,1.33803,2.44,1.50
2015.01.08 23:43:58.442,1.33777,1.33803,1.69,1.87
2015.01.08 23:44:02.333,1.33777,1.33803,1.69,2.06
2015.01.08 23:44:10.298,1.33777,1.33803,1.69,2.06
2015.01.08 23:44:14.335,1.33777,1.33803,1.69,1.87
2015.01.08 23:44:15.938,1.33777,1.33803,1.69,2.06
2015.01.08 23:44:37.383,1.33777,1.33803,1.69,2.14
2015.01.08 23:44:38.543,1.33767,1.33795,1.50,1.07
2015.01.08 23:44:38.594,1.33757,1.33795,1.76,1.07
2015.01.08 23:45:26.696,1.33757,1.33793,1.57,1.26
2015.01.08 23:45:42.820,1.33757,1.33792,1.76,1.32
2015.01.08 23:45:43.775,1.33757,1.33792,1.76,1.01
2015.01.08 23:45:44.520,1.33757,1.33792,1.76,1.01
2015.01.08 23:45:46.460,1.33757,1.33792,1.76,1.29
2015.01.08 23:46:10.329,1.33757,1.33794,1.57,1.07
2015.01.08 23:46:10.632,1.33757,1.33791,1.76,1.07
2015.01.08 23:46:22.201,1.33757,1.33789,1.57,1.00
2015.01.08 23:46:22.811,1.33757,1.33791,1.57,1.32
2015.01.08 23:46:24.665,1.33757,1.3379,1.57,1.10
2015.01.08 23:46:33.067,1.33757,1.3379,1.76,1.10
2015.01.08 23:46:34.860,1.33757,1.33792,1.76,1.07
2015.01.08 23:46:39.067,1.33757,1.33792,1.76,1.26
2015.01.08 23:47:28.904,1.33757,1.33792,1.76,1.26
2015.01.08 23:47:42.379,1.33757,1.33792,1.76,1.26
2015.01.08 23:47:59.511,1.33757,1.33792,1.76,1.26
2015.01.08 23:48:22.351,1.33757,1.3379,1.76,1.00
2015.01.08 23:48:23.353,1.33757,1.3379,1.76,1.19
2015.01.08 23:48:23.903,1.33757,1.33791,1.76,1.26
2015.01.08 23:48:29.390,1.33757,1.33791,1.57,1.76
2015.01.08 23:48:43.193,1.33757,1.33791,1.57,1.26
2015.01.08 23:48:49.589,1.33757,1.33789,1.57,1.19
2015.01.08 23:48:56.610,1.33757,1.33789,1.57,1.19
2015.01.08 23:48:58.717,1.33757,1.33791,2.32,1.26
2015.01.08 23:49:19.057,1.33757,1.33791,2.32,1.29
2015.01.08 23:49:26.565,1.33757,1.33792,2.32,1.26
2015.01.08 23:49:28.278,1.33757,1.33792,2.32,1.26
2015.01.08 23:49:32.270,1.33757,1.33791,2.32,1.29
2015.01.08 23:49:34.575,1.33757,1.33791,2.32,1.29
2015.01.08 23:49:45.193,1.33757,1.33792,1.26,1.07
2015.01.08 23:49:45.244,1.33757,1.33789,1.26,1.00
2015.01.08 23:49:49.322,1.33757,1.33789,1.10,1.00
2015.01.08 23:49:50.145,1.33757,1.33788,1.10,1.00
2015.01.08 23:49:50.652,1.33757,1.33787,1.10,1.25
2015.01.08 23:49:59.821,1.33751,1.33787,1.94,1.25
2015.01.08 23:50:00.518,1.33751,1.33787,1.94,1.00
2015.01.08 23:50:00.683,1.33751,1.33789,1.94,1.10
2015.01.08 23:50:04.545,1.33751,1.33789,2.06,1.19
2015.01.08 23:50:12.896,1.3375,1.3379,2.06,1.76
2015.01.08 23:50:28.075,1.33751,1.33788,1.69,1.00
2015.01.08 23:50:28.180,1.33751,1.33791,2.06,1.32
2015.01.08 23:50:28.725,1.33754,1.33793,1.31,1.26
2015.01.08 23:50:34.401,1.3375,1.33793,2.81,1.26
2015.01.08 23:51:04.647,1.33751,1.3379,1.94,1.29
2015.01.08 23:51:06.656,1.33751,1.3379,1.94,1.29
2015.01.08 23:51:11.532,1.33751,1.33782,1.94,1.00
2015.01.08 23:51:11.837,1.3374,1.33763,1.94,1.00
2015.01.08 23:51:11.887,1.33739,1.33763,1.07,1.19
2015.01.08 23:51:11.989,1.33726,1.3376,1.56,1.19
2015.01.08 23:51:12.090,1.33726,1.3376,2.06,1.19
2015.01.08 23:51:12.546,1.33726,1.3376,3.19,1.10
2015.01.08 23:51:12.798,1.33727,1.33771,1.87,1.00
2015.01.08 23:51:12.849,1.33727,1.33786,1.12,1.56
2015.01.08 23:51:12.901,1.33722,1.33786,1.94,1.19
2015.01.08 23:51:12.952,1.33722,1.33782,1.94,1.00
2015.01.08 23:51:13.254,1.3372,1.3378,1.75,1.00
2015.01.08 23:51:13.305,1.3372,1.3378,1.12,1.00
2015.01.08 23:51:14.278,1.33723,1.33781,1.07,1.00
2015.01.08 23:51:14.703,1.3371,1.33785,1.31,2.14
2015.01.08 23:51:14.754,1.33707,1.33785,1.69,1.76
2015.01.08 23:51:14.905,1.33715,1.33785,2.32,2.51
2015.01.08 23:51:15.360,1.33715,1.33782,1.99,1.19
2015.01.08 23:51:15.511,1.33713,1.33782,2.38,1.19
2015.01.08 23:51:16.351,1.33713,1.33782,2.38,1.19
2015.01.08 23:51:17.684,1.33714,1.33782,1.57,1.19
2015.01.08 23:51:18.426,1.33713,1.33782,1.95,1.19
2015.01.08 23:51:19.072,1.33713,1.33782,2.10,1.19
2015.01.08 23:51:22.373,1.33714,1.33782,1.05,1.19
2015.01.08 23:51:23.554,1.33713,1.33782,2.02,1.19
2015.01.08 23:51:24.071,1.33713,1.33782,2.40,1.19
2015.01.08 23:51:27.661,1.33714,1.33782,1.52,1.19
2015.01.08 23:51:28.866,1.33713,1.33782,2.02,1.19
2015.01.08 23:51:30.224,1.33714,1.33782,1.42,1.19
2015.01.08 23:51:31.602,1.33713,1.33782,1.87,1.19
2015.01.08 23:51:34.777,1.33714,1.33782,1.62,1.19
2015.01.08 23:51:43.094,1.33721,1.33773,1.12,1.00
2015.01.08 23:51:43.397,1.33711,1.33772,1.47,1.12
2015.01.08 23:51:43.745,1.33711,1.33768,1.37,1.75
2015.01.08 23:51:44.389,1.33711,1.33768,1.37,1.75
2015.01.08 23:51:45.909,1.33714,1.33768,1.37,1.94
2015.01.08 23:51:46.413,1.33714,1.33768,1.37,1.94
2015.01.08 23:51:47.448,1.33714,1.33768,1.37,1.94
2015.01.08 23:51:55.823,1.33737,1.33772,1.00,1.75
2015.01.08 23:51:55.874,1.33737,1.33772,1.00,1.00
2015.01.08 23:51:55.924,1.33746,1.33773,1.50,1.00
2015.01.08 23:51:56.030,1.33746,1.33777,1.50,1.00
2015.01.08 23:51:56.132,1.33746,1.33784,1.50,1.10
2015.01.08 23:51:56.337,1.33746,1.3379,1.57,1.69
2015.01.08 23:52:05.236,1.33746,1.33796,2.25,1.94
2015.01.08 23:52:06.372,1.33746,1.33798,2.25,1.94
2015.01.08 23:52:07.237,1.33746,1.33798,2.25,1.94
2015.01.08 23:52:09.442,1.33746,1.33799,2.25,1.94
2015.01.08 23:52:10.295,1.33746,1.33801,2.25,2.06
2015.01.08 23:52:10.903,1.33746,1.33799,2.25,1.94
2015.01.08 23:52:16.374,1.33747,1.33793,1.95,1.76
2015.01.08 23:52:16.689,1.33747,1.33793,2.25,2.44
2015.01.08 23:52:34.589,1.33747,1.33793,1.95,3.19
2015.01.08 23:52:39.254,1.33747,1.33793,2.25,3.19
2015.01.08 23:53:00.989,1.33747,1.33793,2.25,3.19
2015.01.08 23:53:06.273,1.33747,1.33793,1.95,3.19
2015.01.08 23:53:42.809,1.33747,1.3379,1.95,1.94
2015.01.08 23:53:44.161,1.33747,1.3379,1.95,1.94
2015.01.08 23:53:56.207,1.33747,1.3379,1.95,1.94
2015.01.08 23:53:57.136,1.33747,1.33792,1.95,2.44
2015.01.08 23:54:01.183,1.33747,1.33792,1.95,1.94
2015.01.08 23:54:03.204,1.33747,1.33792,1.95,1.94
2015.01.08 23:54:16.587,1.33747,1.33792,2.14,1.75
2015.01.08 23:54:17.010,1.33759,1.33792,2.00,1.12
2015.01.08 23:54:17.111,1.3376,1.33793,1.74,1.95
2015.01.08 23:54:19.534,1.33758,1.33793,1.62,1.95
2015.01.08 23:54:25.353,1.33759,1.33792,1.74,1.07
2015.01.08 23:54:26.027,1.33759,1.33793,2.12,1.95
2015.01.08 23:54:29.978,1.33761,1.33793,1.62,2.25
2015.01.08 23:54:33.928,1.33762,1.33793,1.62,2.25
2015.01.08 23:54:35.945,1.33762,1.33793,1.62,1.87
2015.01.08 23:54:48.959,1.33767,1.33793,1.00,2.25
2015.01.08 23:54:50.174,1.33767,1.33793,1.19,2.25
2015.01.08 23:54:55.092,1.33767,1.33793,1.00,2.25
2015.01.08 23:54:59.769,1.33766,1.33793,1.00,2.25
2015.01.08 23:55:00.790,1.33766,1.33793,1.19,2.25
2015.01.08 23:55:14.743,1.33763,1.33793,1.56,2.25
2015.01.08 23:55:20.387,1.33766,1.33793,1.25,1.95
2015.01.08 23:55:20.438,1.33764,1.33793,2.49,1.57
2015.01.08 23:55:24.977,1.33764,1.33793,2.49,1.57
2015.01.08 23:55:27.463,1.33764,1.33793,2.49,1.57
2015.01.08 23:55:27.989,1.33764,1.33793,2.49,1.57
2015.01.08 23:55:30.278,1.33764,1.33793,3.99,1.57
2015.01.08 23:55:30.874,1.33764,1.33793,3.99,1.57
2015.01.08 23:55:44.903,1.33764,1.33793,3.99,1.57
2015.01.08 23:55:49.737,1.33764,1.33792,2.12,1.00
2015.01.08 23:55:50.299,1.33763,1.33793,2.49,1.57
2015.01.08 23:55:52.179,1.33763,1.33793,2.59,1.57
2015.01.08 23:55:52.689,1.33763,1.33793,2.49,1.57
2015.01.08 23:55:53.249,1.33763,1.33793,2.64,1.57
2015.01.08 23:55:54.150,1.33763,1.33793,2.49,1.57
2015.01.08 23:55:57.881,1.33763,1.33793,2.61,2.32
2015.01.08 23:55:58.385,1.33766,1.33793,1.74,1.00
2015.01.08 23:56:00.962,1.33766,1.33793,1.74,1.07
2015.01.08 23:56:39.852,1.33766,1.33793,1.74,1.07
2015.01.08 23:56:40.552,1.33766,1.33793,1.74,1.00
2015.01.08 23:56:44.778,1.33766,1.33793,1.74,1.00
2015.01.08 23:56:44.879,1.33766,1.33793,1.74,1.00
2015.01.08 23:56:46.901,1.33766,1.33793,1.74,1.00
2015.01.08 23:56:47.002,1.33766,1.33793,2.49,1.00
2015.01.08 23:56:49.770,1.33766,1.33793,1.74,1.00
2015.01.08 23:56:58.496,1.33766,1.33794,2.12,1.95
2015.01.08 23:57:18.637,1.33766,1.33794,2.12,1.95
2015.01.08 23:57:18.738,1.33766,1.33794,2.12,1.95
2015.01.08 23:57:22.548,1.33766,1.33794,1.74,1.95
2015.01.08 23:57:22.649,1.33766,1.33794,1.74,1.95
2015.01.08 23:57:35.870,1.33766,1.33794,2.12,1.95
2015.01.08 23:57:45.005,1.33766,1.33794,2.12,1.95
2015.01.08 23:57:45.956,1.33766,1.33794,2.12,1.95
2015.01.08 23:57:46.057,1.33766,1.33794,1.74,1.95
2015.01.08 23:57:46.793,1.33766,1.33794,1.74,1.95
2015.01.08 23:58:08.896,1.33762,1.33793,1.60,1.57
2015.01.08 23:58:23.423,1.33763,1.33793,1.24,1.57
2015.01.08 23:58:41.891,1.33763,1.33793,1.37,1.57
2015.01.08 23:58:50.245,1.33763,1.33793,1.18,1.76
2015.01.08 23:58:50.894,1.33757,1.33793,1.92,2.51
2015.01.08 23:59:08.193,1.33757,1.33793,1.92,2.81
2015.01.08 23:59:14.504,1.33757,1.3379,1.94,1.26
2015.01.08 23:59:27.325,1.33758,1.3379,1.39,1.07
2015.01.08 23:59:29.063,1.33761,1.3379,1.39,1.10
2015.01.08 23:59:34.815,1.33761,1.33793,2.25,1.57
2015.01.08 23:59:34.916,1.33763,1.33793,1.69,1.57
2015.01.08 23:59:35.118,1.33763,1.33792,1.69,1.00
2015.01.08 23:59:35.733,1.33764,1.33793,1.56,2.25
2015.01.08 23:59:36.401,1.33763,1.33792,1.69,1.00
2015.01.08 23:59:36.982,1.33766,1.33792,1.31,1.00
2015.01.08 23:59:38.134,1.33766,1.33792,1.31,1.00
2015.01.08 23:59:38.235,1.33763,1.33792,2.51,1.00
2015.01.08 23:59:38.749,1.33764,1.33793,1.56,2.32
2015.01.08 23:59:41.932,1.33766,1.33792,1.56,1.00
2015.01.08 23:59:43.162,1.33765,1.33793,1.56,1.50
2015.01.08 23:59:44.747,1.33765,1.33793,1.56,1.50
2015.01.08 23:59:45.866,1.33765,1.33793,1.56,1.50
2015.01.08 23:59:55.169,1.33764,1.33793,1.56,1.57
