2015.01.09 14:00:00.899,1.33827,1.33853,1.00,3.64
2015.01.09 14:00:02.905,1.33827,1.33853,1.19,3.64
2015.01.09 14:00:03.911,1.33827,1.33853,1.25,3.64
2015.01.09 14:00:10.763,1.33827,1.33853,1.50,2.89
2015.01.09 14:00:14.855,1.33827,1.33853,1.25,2.89
2015.01.09 14:00:18.366,1.33827,1.33853,1.25,2.89
2015.01.09 14:00:20.071,1.33827,1.33853,1.00,2.89
2015.01.09 14:00:20.876,1.33827,1.33853,1.00,2.89
2015.01.09 14:00:23.425,1.33825,1.3385,1.00,1.56
2015.01.09 14:00:23.479,1.33812,1.33847,1.07,1.26
2015.01.09 14:00:24.029,1.33812,1.33847,1.07,1.26
2015.01.09 14:00:24.694,1.33812,1.33847,1.07,1.26
2015.01.09 14:00:26.080,1.33812,1.33849,1.07,2.06
2015.01.09 14:00:26.667,1.33813,1.33848,1.00,1.31
2015.01.09 14:00:26.902,1.33813,1.33848,1.25,1.31
2015.01.09 14:00:29.575,1.33812,1.33848,1.26,1.64
2015.01.09 14:00:29.878,1.33812,1.33847,1.07,1.64
2015.01.09 14:00:30.195,1.33812,1.33849,1.10,2.81
2015.01.09 14:00:30.627,1.33812,1.33849,1.07,1.76
2015.01.09 14:00:31.243,1.33812,1.33849,1.26,1.76
2015.01.09 14:00:34.874,1.33813,1.33848,1.32,1.26
2015.01.09 14:00:35.973,1.33813,1.33848,1.26,1.26
2015.01.09 14:00:39.201,1.33813,1.33848,1.32,1.76
2015.01.09 14:00:41.283,1.33813,1.33847,1.32,1.26
2015.01.09 14:00:42.288,1.33813,1.33847,1.07,1.64
2015.01.09 14:00:46.357,1.33813,1.33848,1.07,1.39
2015.01.09 14:00:47.415,1.33813,1.33848,1.39,1.26
2015.01.09 14:00:48.922,1.33813,1.33848,1.39,1.26
2015.01.09 14:00:50.526,1.33813,1.33848,1.39,1.26
2015.01.09 14:00:51.547,1.33813,1.33848,1.39,1.26
2015.01.09 14:00:52.674,1.33813,1.33848,1.39,1.26
2015.01.09 14:00:54.469,1.33813,1.33848,1.07,1.64
2015.01.09 14:00:56.335,1.33812,1.33848,1.07,1.39
2015.01.09 14:00:57.601,1.33813,1.33846,1.10,1.26
2015.01.09 14:01:00.283,1.33813,1.33847,1.10,1.69
2015.01.09 14:01:02.384,1.33813,1.33845,1.10,1.26
2015.01.09 14:01:04.410,1.33813,1.33845,1.07,1.19
2015.01.09 14:01:04.511,1.33812,1.33848,1.64,1.26
2015.01.09 14:01:06.534,1.33812,1.33849,1.64,2.14
2015.01.09 14:01:09.970,1.33813,1.33848,1.39,1.26
2015.01.09 14:01:11.141,1.33812,1.33849,1.45,2.14
2015.01.09 14:01:13.373,1.33809,1.33842,1.94,1.19
2015.01.09 14:01:14.080,1.33807,1.33842,2.14,1.64
2015.01.09 14:01:14.453,1.33807,1.33842,2.89,1.64
2015.01.09 14:01:16.545,1.33808,1.33842,1.66,1.64
2015.01.09 14:01:17.673,1.33815,1.33844,1.56,3.64
2015.01.09 14:01:22.672,1.33817,1.33843,1.19,1.64
2015.01.09 14:01:27.998,1.33817,1.33843,1.19,2.89
2015.01.09 14:01:31.827,1.33817,1.33843,1.19,3.64
2015.01.09 14:01:33.319,1.33817,1.33843,1.19,3.64
2015.01.09 14:01:35.562,1.33817,1.33843,1.19,3.64
2015.01.09 14:01:45.362,1.33817,1.33843,1.19,3.64
2015.01.09 14:01:49.783,1.33817,1.33843,1.19,2.89
2015.01.09 14:01:51.380,1.33817,1.33843,1.19,2.89
2015.01.09 14:01:52.394,1.33818,1.33843,1.19,2.81
2015.01.09 14:01:52.596,1.33818,1.33843,1.19,2.81
2015.01.09 14:01:54.553,1.33818,1.33843,1.19,1.56
2015.01.09 14:01:54.998,1.33818,1.33843,1.19,1.56
2015.01.09 14:01:55.828,1.33818,1.33843,1.00,1.37
2015.01.09 14:01:55.879,1.33818,1.33844,1.37,1.39
2015.01.09 14:01:57.100,1.33818,1.33844,1.37,1.01
2015.01.09 14:01:58.058,1.33817,1.33844,1.00,1.01
2015.01.09 14:01:58.109,1.33817,1.33834,1.00,1.00
2015.01.09 14:01:58.724,1.33808,1.33834,1.56,1.00
2015.01.09 14:01:59.265,1.33808,1.33834,1.56,1.00
2015.01.09 14:01:59.625,1.33806,1.33834,2.06,1.07
2015.01.09 14:02:01.463,1.33807,1.33833,1.56,1.26
2015.01.09 14:02:01.784,1.33807,1.33833,1.56,1.26
2015.01.09 14:02:04.586,1.33806,1.33834,1.56,1.39
2015.01.09 14:02:05.768,1.33806,1.33834,1.66,1.39
2015.01.09 14:02:06.742,1.33807,1.33834,1.31,1.39
2015.01.09 14:02:09.950,1.33807,1.33834,2.06,1.39
2015.01.09 14:02:10.575,1.33807,1.33834,2.81,1.39
2015.01.09 14:02:12.759,1.33807,1.33834,1.31,1.39
2015.01.09 14:02:15.605,1.33806,1.33834,3.26,1.29
2015.01.09 14:02:16.569,1.33811,1.33838,1.64,1.76
2015.01.09 14:02:21.804,1.33815,1.33835,1.19,1.19
2015.01.09 14:02:23.932,1.33804,1.33834,2.81,1.31
2015.01.09 14:02:24.455,1.33807,1.33834,1.31,1.31
2015.01.09 14:02:25.304,1.33807,1.33833,2.06,1.19
2015.01.09 14:02:27.012,1.33807,1.33833,1.31,1.19
2015.01.09 14:02:34.437,1.33807,1.33833,1.31,1.19
2015.01.09 14:02:41.350,1.33807,1.33832,1.31,1.26
2015.01.09 14:02:41.858,1.33807,1.3383,1.31,1.29
2015.01.09 14:02:43.266,1.33807,1.33827,1.00,1.19
2015.01.09 14:02:45.100,1.33807,1.33828,1.00,1.19
2015.01.09 14:02:51.858,1.33804,1.33829,1.56,1.19
2015.01.09 14:02:51.909,1.33802,1.33829,1.66,1.19
2015.01.09 14:02:52.161,1.33798,1.33823,3.37,1.19
2015.01.09 14:02:53.336,1.33796,1.33819,1.37,1.19
2015.01.09 14:02:53.386,1.33792,1.33818,1.26,1.31
2015.01.09 14:02:53.853,1.33788,1.33811,1.31,1.00
2015.01.09 14:02:53.904,1.3378,1.33811,1.69,1.56
2015.01.09 14:02:54.604,1.33782,1.33811,1.64,2.06
2015.01.09 14:02:55.307,1.3378,1.33812,2.44,1.56
2015.01.09 14:02:55.610,1.33782,1.33818,1.56,1.39
2015.01.09 14:02:56.552,1.33783,1.33818,1.31,2.14
2015.01.09 14:02:57.744,1.33789,1.33821,1.62,1.69
2015.01.09 14:02:58.318,1.33789,1.33821,1.64,1.39
2015.01.09 14:02:59.423,1.33789,1.33821,1.64,1.39
2015.01.09 14:02:59.594,1.33787,1.33813,3.94,1.00
2015.01.09 14:02:59.902,1.33785,1.33813,1.64,2.44
2015.01.09 14:03:00.641,1.33785,1.33813,2.14,2.44
2015.01.09 14:03:01.075,1.33786,1.33813,1.66,2.25
2015.01.09 14:03:01.327,1.33788,1.33795,1.62,1.00
2015.01.09 14:03:03.205,1.33789,1.33802,1.37,1.00
2015.01.09 14:03:03.816,1.33789,1.33802,1.31,1.00
2015.01.09 14:03:04.445,1.33789,1.33802,1.31,1.00
2015.01.09 14:03:05.582,1.33789,1.33805,1.31,1.00
2015.01.09 14:03:05.684,1.33793,1.33805,1.50,1.00
2015.01.09 14:03:06.135,1.33789,1.33805,1.00,1.00
2015.01.09 14:03:06.237,1.3378,1.33805,1.00,1.00
2015.01.09 14:03:06.338,1.33773,1.33805,1.12,1.37
2015.01.09 14:03:06.388,1.33773,1.33801,1.12,1.00
2015.01.09 14:03:06.641,1.33768,1.33804,3.64,1.50
2015.01.09 14:03:06.893,1.33768,1.33803,1.07,1.10
2015.01.09 14:03:07.443,1.33768,1.33803,1.00,1.10
2015.01.09 14:03:07.968,1.33773,1.33808,1.00,1.37
2015.01.09 14:03:08.170,1.33768,1.33803,1.00,1.10
2015.01.09 14:03:08.585,1.33768,1.33803,1.31,1.10
2015.01.09 14:03:08.888,1.33768,1.33804,1.12,1.10
2015.01.09 14:03:08.938,1.33767,1.33804,1.10,1.20
2015.01.09 14:03:11.089,1.33767,1.33804,1.47,1.07
2015.01.09 14:03:11.241,1.33773,1.33808,1.00,1.12
2015.01.09 14:03:11.493,1.33762,1.33799,1.31,1.31
2015.01.09 14:03:11.594,1.33762,1.33799,1.31,1.39
2015.01.09 14:03:11.663,1.33762,1.33799,1.26,1.69
2015.01.09 14:03:12.416,1.33762,1.33799,1.32,1.69
2015.01.09 14:03:13.193,1.33762,1.33799,1.26,1.69
2015.01.09 14:03:14.379,1.33763,1.33798,1.10,1.26
2015.01.09 14:03:16.083,1.33763,1.33798,1.29,1.26
2015.01.09 14:03:16.589,1.33763,1.33796,1.01,1.26
2015.01.09 14:03:16.891,1.33765,1.33779,1.56,1.00
2015.01.09 14:03:16.942,1.33767,1.33787,1.56,1.00
2015.01.09 14:03:16.993,1.33767,1.33792,1.56,1.00
2015.01.09 14:03:17.094,1.33767,1.33801,1.62,1.31
2015.01.09 14:03:18.440,1.33763,1.33798,1.26,1.31
2015.01.09 14:03:19.213,1.33763,1.33798,1.26,1.31
2015.01.09 14:03:20.873,1.33764,1.33798,1.85,1.12
2015.01.09 14:03:20.923,1.33772,1.33809,2.25,2.25
2015.01.09 14:03:21.024,1.33772,1.33809,2.62,1.00
2015.01.09 14:03:21.098,1.33778,1.33812,1.00,1.45
2015.01.09 14:03:21.649,1.33779,1.33813,1.50,1.50
2015.01.09 14:03:21.701,1.33778,1.33813,1.25,1.12
2015.01.09 14:03:22.182,1.33778,1.33813,1.62,1.12
2015.01.09 14:03:26.694,1.33778,1.33813,1.56,1.12
2015.01.09 14:03:30.422,1.33777,1.33809,2.14,1.47
2015.01.09 14:03:30.523,1.33777,1.33809,2.06,1.45
2015.01.09 14:03:31.108,1.33777,1.33809,2.06,1.45
2015.01.09 14:03:37.086,1.33774,1.33808,1.76,1.39
2015.01.09 14:03:37.662,1.33774,1.33808,1.01,1.69
2015.01.09 14:03:37.852,1.33772,1.33809,2.70,1.56
2015.01.09 14:03:41.976,1.33773,1.33808,2.32,1.31
2015.01.09 14:03:43.216,1.33774,1.33808,1.29,1.31
2015.01.09 14:03:44.403,1.33774,1.33808,1.66,1.31
2015.01.09 14:03:46.741,1.33775,1.33808,1.56,1.31
2015.01.09 14:03:47.994,1.33777,1.33808,1.62,1.12
2015.01.09 14:03:48.196,1.33778,1.33813,1.56,1.12
2015.01.09 14:03:49.282,1.33777,1.33814,2.14,1.62
2015.01.09 14:03:51.394,1.33777,1.33809,1.66,1.47
2015.01.09 14:03:51.495,1.33777,1.33809,1.19,1.20
2015.01.09 14:03:51.830,1.33777,1.33808,1.69,1.20
2015.01.09 14:03:52.704,1.33777,1.33808,1.56,1.07
2015.01.09 14:03:53.260,1.33778,1.33809,1.62,1.20
2015.01.09 14:03:53.412,1.33781,1.33809,1.75,1.10
2015.01.09 14:03:53.614,1.33785,1.33813,1.31,1.10
2015.01.09 14:03:53.715,1.33782,1.33813,1.50,1.10
2015.01.09 14:03:55.833,1.33781,1.33813,1.56,1.20
2015.01.09 14:03:55.984,1.3378,1.33809,1.39,1.00
2015.01.09 14:03:56.287,1.33784,1.33814,1.75,1.37
2015.01.09 14:03:56.338,1.33784,1.33814,1.75,1.07
2015.01.09 14:03:56.439,1.33783,1.33813,1.50,1.10
2015.01.09 14:03:56.590,1.33781,1.33814,1.94,1.07
2015.01.09 14:03:58.311,1.33781,1.33814,1.56,1.95
2015.01.09 14:03:58.412,1.33781,1.33814,1.56,1.95
2015.01.09 14:04:00.028,1.33783,1.33813,1.69,1.12
2015.01.09 14:04:00.079,1.33783,1.33813,1.69,1.10
2015.01.09 14:04:00.130,1.33783,1.33813,1.69,1.10
2015.01.09 14:04:01.198,1.33781,1.33813,1.37,1.07
2015.01.09 14:04:01.824,1.33783,1.33813,1.37,1.07
2015.01.09 14:04:04.508,1.33783,1.33814,1.37,1.00
2015.01.09 14:04:05.173,1.33782,1.33814,1.87,1.07
2015.01.09 14:04:07.332,1.33796,1.33814,1.00,1.07
2015.01.09 14:04:07.584,1.33798,1.33824,1.37,1.37
2015.01.09 14:04:07.685,1.3379,1.33813,1.50,1.00
2015.01.09 14:04:07.735,1.3379,1.33813,1.37,1.00
2015.01.09 14:04:07.887,1.33788,1.33818,1.37,1.57
2015.01.09 14:04:07.938,1.33788,1.33818,1.00,1.57
2015.01.09 14:04:08.039,1.33784,1.33818,1.07,1.07
2015.01.09 14:04:08.140,1.33784,1.33818,1.45,1.07
2015.01.09 14:04:08.644,1.33782,1.33819,2.62,1.69
2015.01.09 14:04:08.694,1.3378,1.33813,1.95,1.00
2015.01.09 14:04:09.161,1.33778,1.33814,1.20,1.12
2015.01.09 14:04:09.931,1.33797,1.33834,1.00,1.87
2015.01.09 14:04:10.143,1.33792,1.33829,1.00,1.00
2015.01.09 14:04:15.420,1.33793,1.33828,1.00,1.00
2015.01.09 14:04:15.832,1.33793,1.33824,1.00,1.00
2015.01.09 14:04:16.034,1.33784,1.33818,1.32,1.12
2015.01.09 14:04:16.468,1.33797,1.33834,1.00,1.00
2015.01.09 14:04:16.721,1.33793,1.33828,1.00,1.00
2015.01.09 14:04:17.892,1.33793,1.33828,1.00,1.37
2015.01.09 14:04:17.943,1.33788,1.33823,1.37,1.00
2015.01.09 14:04:18.572,1.33795,1.33823,1.00,1.00
2015.01.09 14:04:18.875,1.33803,1.3383,1.00,1.37
2015.01.09 14:04:19.027,1.33804,1.33832,1.37,1.39
2015.01.09 14:04:19.673,1.33803,1.33834,1.50,1.56
2015.01.09 14:04:19.833,1.33803,1.33834,1.69,1.37
2015.01.09 14:04:19.985,1.33813,1.33843,1.00,2.25
2015.01.09 14:04:20.086,1.33813,1.33843,1.00,1.95
2015.01.09 14:04:20.460,1.33812,1.33843,1.12,1.95
2015.01.09 14:04:21.009,1.33813,1.33843,1.00,1.95
2015.01.09 14:04:21.876,1.33813,1.33835,1.12,1.00
2015.01.09 14:04:21.977,1.33807,1.33835,2.44,1.12
2015.01.09 14:04:22.078,1.33807,1.33834,1.95,1.00
2015.01.09 14:04:22.128,1.33807,1.33834,1.57,1.37
2015.01.09 14:04:22.330,1.33799,1.33832,1.50,1.37
2015.01.09 14:04:22.392,1.33799,1.33832,1.45,1.45
2015.01.09 14:04:23.096,1.33806,1.33832,1.00,1.45
2015.01.09 14:04:23.399,1.33817,1.3384,1.19,1.37
2015.01.09 14:04:23.450,1.33817,1.33846,2.06,1.29
2015.01.09 14:04:23.551,1.33817,1.33849,1.87,1.76
2015.01.09 14:04:23.652,1.33813,1.33842,1.07,1.00
2015.01.09 14:04:23.854,1.33807,1.33842,1.37,1.10
2015.01.09 14:04:24.220,1.33812,1.33847,1.00,1.56
2015.01.09 14:04:25.345,1.33813,1.33846,1.00,1.32
2015.01.09 14:04:25.813,1.33816,1.33846,1.00,1.26
2015.01.09 14:04:26.116,1.33817,1.33839,1.56,1.00
2015.01.09 14:04:26.167,1.3381,1.33839,2.44,1.56
2015.01.09 14:04:26.673,1.3381,1.33839,2.14,1.64
2015.01.09 14:04:27.062,1.3381,1.33839,2.14,1.64
2015.01.09 14:04:27.369,1.33811,1.33834,1.50,1.56
2015.01.09 14:04:27.420,1.33809,1.33832,1.00,1.37
2015.01.09 14:04:27.521,1.33799,1.33831,1.12,1.12
2015.01.09 14:04:27.723,1.33798,1.33831,2.32,1.20
2015.01.09 14:04:28.860,1.33797,1.33832,2.51,1.64
2015.01.09 14:04:29.125,1.33798,1.33828,1.37,1.07
2015.01.09 14:04:30.577,1.33798,1.33823,1.37,1.50
2015.01.09 14:04:30.779,1.33799,1.33828,1.45,1.19
2015.01.09 14:04:31.931,1.33797,1.33824,1.47,1.50
2015.01.09 14:04:32.124,1.33797,1.3383,1.47,1.26
2015.01.09 14:04:33.084,1.33797,1.3383,1.47,1.26
2015.01.09 14:04:36.054,1.33798,1.33825,1.37,1.00
2015.01.09 14:04:36.105,1.33797,1.33824,1.95,1.50
2015.01.09 14:04:36.408,1.33803,1.33824,1.00,1.50
2015.01.09 14:04:36.509,1.33803,1.33833,1.00,1.50
2015.01.09 14:04:36.710,1.33803,1.33838,1.07,1.95
2015.01.09 14:04:36.811,1.33803,1.33838,1.26,2.14
2015.01.09 14:04:37.326,1.33803,1.33838,1.29,1.64
2015.01.09 14:04:39.135,1.33803,1.33838,2.14,1.26
2015.01.09 14:04:40.326,1.33804,1.33834,1.19,1.69
2015.01.09 14:04:40.629,1.33813,1.33842,1.56,1.69
2015.01.09 14:04:42.640,1.33813,1.33842,2.06,1.64
2015.01.09 14:04:43.322,1.33816,1.33841,1.00,1.64
2015.01.09 14:04:43.850,1.33816,1.33841,1.00,1.64
2015.01.09 14:04:46.681,1.33816,1.3384,1.00,1.39
2015.01.09 14:04:48.219,1.33804,1.33834,1.75,1.50
2015.01.09 14:04:48.320,1.33802,1.33834,1.07,1.50
2015.01.09 14:04:48.827,1.33802,1.33834,1.00,1.57
2015.01.09 14:04:48.902,1.33802,1.33834,1.07,1.57
2015.01.09 14:04:49.529,1.33802,1.33833,1.07,1.50
2015.01.09 14:04:50.115,1.33803,1.33833,1.12,1.57
2015.01.09 14:04:50.700,1.33803,1.33833,1.19,1.57
2015.01.09 14:04:51.473,1.33803,1.33833,1.19,1.76
2015.01.09 14:04:53.898,1.33802,1.33833,1.56,1.57
2015.01.09 14:04:54.439,1.33802,1.33834,1.26,1.57
2015.01.09 14:04:54.864,1.33802,1.33834,1.26,1.57
2015.01.09 14:04:55.998,1.33802,1.33834,1.26,1.57
2015.01.09 14:04:58.182,1.33802,1.33834,1.26,1.57
2015.01.09 14:04:58.384,1.33803,1.33833,1.26,1.87
2015.01.09 14:04:58.586,1.338,1.33833,1.45,2.89
2015.01.09 14:04:58.838,1.33797,1.33833,2.70,3.56
2015.01.09 14:04:59.133,1.33797,1.33833,2.70,2.89
2015.01.09 14:05:02.225,1.338,1.33831,1.20,1.45
2015.01.09 14:05:04.542,1.338,1.33823,2.14,1.50
2015.01.09 14:05:04.744,1.33799,1.33832,1.76,1.45
2015.01.09 14:05:05.395,1.338,1.33831,2.70,1.45
2015.01.09 14:05:05.498,1.33802,1.33831,1.37,1.45
2015.01.09 14:05:06.622,1.33802,1.33831,1.29,1.37
2015.01.09 14:05:07.291,1.33816,1.33831,1.00,1.37
2015.01.09 14:05:07.342,1.33816,1.33831,1.00,1.00
2015.01.09 14:05:07.443,1.33821,1.33848,1.31,2.06
2015.01.09 14:05:07.544,1.33821,1.33847,1.25,1.31
2015.01.09 14:05:07.645,1.33814,1.3384,1.00,1.00
2015.01.09 14:05:07.746,1.33808,1.33841,1.82,1.00
2015.01.09 14:05:07.847,1.33809,1.33841,1.89,1.00
2015.01.09 14:05:08.365,1.33814,1.33844,1.00,1.95
2015.01.09 14:05:08.668,1.33816,1.33847,1.69,1.56
2015.01.09 14:05:08.821,1.3382,1.33849,1.37,1.64
2015.01.09 14:05:09.357,1.33819,1.33851,1.37,1.12
2015.01.09 14:05:09.408,1.33819,1.33852,1.37,2.70
2015.01.09 14:05:13.541,1.33819,1.33852,1.62,1.64
2015.01.09 14:05:14.202,1.3382,1.33851,1.37,2.81
2015.01.09 14:05:16.416,1.33819,1.33843,1.37,1.50
2015.01.09 14:05:17.113,1.33819,1.33843,1.12,1.50
2015.01.09 14:05:17.943,1.3382,1.33843,1.50,1.50
2015.01.09 14:05:18.095,1.3382,1.33843,1.50,1.69
2015.01.09 14:05:18.145,1.33817,1.33841,1.00,1.56
2015.01.09 14:05:18.246,1.33808,1.33841,1.12,2.06
2015.01.09 14:05:18.348,1.33815,1.3384,1.00,1.69
2015.01.09 14:05:18.701,1.33808,1.33841,1.07,1.64
2015.01.09 14:05:19.536,1.33808,1.33841,1.00,1.26
2015.01.09 14:05:20.083,1.33808,1.33841,1.00,1.26
2015.01.09 14:05:20.396,1.33808,1.33841,1.00,1.64
2015.01.09 14:05:24.282,1.33808,1.33841,1.10,1.76
2015.01.09 14:05:24.783,1.33808,1.33841,1.10,1.76
2015.01.09 14:05:26.517,1.33809,1.3384,1.00,1.76
2015.01.09 14:05:26.808,1.33809,1.3384,1.00,1.76
2015.01.09 14:05:28.217,1.33808,1.33841,1.00,1.26
2015.01.09 14:05:30.408,1.33808,1.33841,1.00,1.26
2015.01.09 14:05:32.044,1.33808,1.33839,1.57,1.66
2015.01.09 14:05:32.551,1.33808,1.33839,1.50,1.66
2015.01.09 14:05:32.717,1.33808,1.33839,1.50,1.66
2015.01.09 14:05:34.131,1.33809,1.33837,1.00,2.06
2015.01.09 14:05:35.655,1.33809,1.33837,1.00,2.06
2015.01.09 14:05:36.931,1.33809,1.33837,1.00,2.06
2015.01.09 14:05:37.035,1.33809,1.33837,1.00,2.06
2015.01.09 14:05:37.136,1.33809,1.33833,1.00,1.50
2015.01.09 14:05:37.238,1.33809,1.33837,1.00,2.06
2015.01.09 14:05:37.742,1.33808,1.33838,1.00,1.56
2015.01.09 14:05:38.581,1.33808,1.33841,1.00,1.26
2015.01.09 14:05:42.053,1.33809,1.3384,1.00,1.76
2015.01.09 14:05:42.605,1.33809,1.3384,1.00,1.76
2015.01.09 14:05:44.555,1.33809,1.33838,1.00,1.19
2015.01.09 14:05:45.574,1.33808,1.33839,1.00,1.69
2015.01.09 14:05:47.306,1.33808,1.33839,1.00,1.56
2015.01.09 14:05:47.830,1.33809,1.33838,1.00,1.19
2015.01.09 14:05:48.598,1.33814,1.33839,1.00,1.69
2015.01.09 14:05:48.699,1.33814,1.33838,1.00,1.19
2015.01.09 14:05:49.209,1.33815,1.33838,1.00,2.06
2015.01.09 14:05:49.627,1.33809,1.33837,1.50,1.19
2015.01.09 14:05:50.759,1.33808,1.33837,1.00,1.19
2015.01.09 14:05:50.911,1.33808,1.33837,1.00,1.19
2015.01.09 14:05:53.096,1.33809,1.33837,1.00,2.06
2015.01.09 14:05:53.399,1.33809,1.33835,1.00,1.19
2015.01.09 14:05:54.146,1.33808,1.33836,1.00,1.69
2015.01.09 14:05:54.300,1.33808,1.33836,1.00,1.69
2015.01.09 14:05:54.672,1.33804,1.33832,1.00,1.37
2015.01.09 14:05:54.985,1.33804,1.33832,1.00,1.64
2015.01.09 14:05:56.293,1.33805,1.3383,1.00,1.56
2015.01.09 14:05:56.344,1.33805,1.3383,1.00,1.62
2015.01.09 14:05:56.849,1.33804,1.33833,1.00,1.76
2015.01.09 14:06:01.640,1.3382,1.33834,1.10,2.25
2015.01.09 14:06:01.691,1.3382,1.33848,1.29,1.56
2015.01.09 14:06:02.330,1.3382,1.33848,1.66,1.56
2015.01.09 14:06:03.661,1.3382,1.33851,1.39,2.81
2015.01.09 14:06:06.774,1.3382,1.33851,1.39,2.06
2015.01.09 14:06:07.842,1.3382,1.33851,1.39,1.56
2015.01.09 14:06:09.001,1.3382,1.33851,1.39,1.56
2015.01.09 14:06:10.085,1.33819,1.33852,1.64,2.14
2015.01.09 14:06:11.058,1.3382,1.3385,1.39,1.56
2015.01.09 14:06:12.491,1.33819,1.33852,1.64,2.14
2015.01.09 14:06:14.490,1.3382,1.33851,1.39,2.81
2015.01.09 14:06:15.035,1.3382,1.33851,1.39,2.81
2015.01.09 14:06:16.387,1.3382,1.33851,1.39,2.81
2015.01.09 14:06:16.644,1.33819,1.33843,1.64,1.50
2015.01.09 14:06:17.239,1.3382,1.33843,1.31,1.69
2015.01.09 14:06:17.786,1.3382,1.33843,1.62,1.69
2015.01.09 14:06:18.893,1.33819,1.33843,1.62,1.69
2015.01.09 14:06:21.245,1.33819,1.33847,1.56,1.31
2015.01.09 14:06:22.805,1.33819,1.33847,1.62,1.31
2015.01.09 14:06:24.325,1.33815,1.33844,1.64,1.69
2015.01.09 14:06:24.620,1.33815,1.33844,1.64,1.69
2015.01.09 14:06:26.832,1.33816,1.3384,1.00,1.19
2015.01.09 14:06:26.883,1.33816,1.33834,1.00,1.50
2015.01.09 14:06:26.933,1.33807,1.33834,3.75,1.50
2015.01.09 14:06:27.035,1.33805,1.33834,1.00,1.69
2015.01.09 14:06:27.548,1.33805,1.33834,1.00,1.76
2015.01.09 14:06:29.741,1.33805,1.33833,1.00,1.07
2015.01.09 14:06:29.792,1.33805,1.33833,1.00,1.26
2015.01.09 14:06:30.421,1.33805,1.33823,1.00,1.50
2015.01.09 14:06:30.471,1.338,1.33823,1.10,1.50
2015.01.09 14:06:34.447,1.33799,1.33823,1.47,1.69
2015.01.09 14:06:37.456,1.33799,1.33829,1.87,1.64
2015.01.09 14:06:38.170,1.33799,1.33823,1.37,1.50
2015.01.09 14:06:41.751,1.33799,1.33823,1.12,1.50
2015.01.09 14:06:42.558,1.33799,1.3383,1.12,1.39
2015.01.09 14:06:43.122,1.338,1.3383,1.00,1.20
2015.01.09 14:06:43.325,1.338,1.3383,1.00,1.20
2015.01.09 14:06:45.641,1.33799,1.3383,1.12,1.20
2015.01.09 14:06:46.608,1.33801,1.3383,1.00,1.39
2015.01.09 14:06:46.990,1.33805,1.33832,1.31,1.39
2015.01.09 14:06:47.294,1.33799,1.33831,1.50,1.56
2015.01.09 14:06:47.395,1.33799,1.33831,1.37,1.64
2015.01.09 14:06:49.159,1.33799,1.33824,1.37,1.50
2015.01.09 14:06:50.328,1.33807,1.33824,1.00,1.50
2015.01.09 14:06:50.592,1.3381,1.33834,1.37,1.69
2015.01.09 14:06:50.693,1.33808,1.33831,1.00,1.62
2015.01.09 14:06:50.794,1.33808,1.33831,1.00,1.62
2015.01.09 14:06:50.844,1.33808,1.33831,1.00,1.56
2015.01.09 14:06:50.895,1.338,1.33831,1.20,2.14
2015.01.09 14:06:51.207,1.338,1.3383,1.20,1.20
2015.01.09 14:06:53.414,1.33799,1.33832,1.45,2.14
2015.01.09 14:06:54.040,1.33803,1.33832,1.00,2.14
2015.01.09 14:06:54.780,1.33809,1.33832,1.37,1.69
2015.01.09 14:06:54.830,1.3381,1.3384,1.69,1.56
2015.01.09 14:06:55.386,1.33809,1.33841,1.31,1.56
2015.01.09 14:06:56.122,1.33809,1.33841,1.12,1.56
2015.01.09 14:06:56.324,1.33804,1.33837,1.00,1.01
2015.01.09 14:06:56.425,1.33804,1.33837,1.00,1.31
2015.01.09 14:06:57.287,1.33804,1.33837,1.07,1.07
2015.01.09 14:06:57.600,1.33804,1.33834,1.19,1.57
2015.01.09 14:07:02.000,1.33804,1.33834,1.26,1.50
2015.01.09 14:07:03.314,1.33804,1.33834,1.26,1.50
2015.01.09 14:07:07.928,1.33804,1.33834,1.26,1.50
2015.01.09 14:07:10.445,1.33804,1.33834,1.32,1.69
2015.01.09 14:07:11.556,1.33804,1.33834,1.26,1.69
2015.01.09 14:07:15.381,1.33804,1.33834,1.64,1.50
2015.01.09 14:07:16.158,1.33804,1.33834,1.64,1.50
2015.01.09 14:07:16.684,1.33804,1.33837,1.64,1.32
2015.01.09 14:07:16.851,1.33804,1.33837,1.64,1.25
2015.01.09 14:07:17.372,1.33804,1.33837,1.64,1.19
2015.01.09 14:07:17.981,1.33805,1.33836,1.95,1.32
2015.01.09 14:07:19.421,1.33806,1.33836,1.20,1.00
2015.01.09 14:07:19.522,1.33807,1.33837,1.12,1.00
2015.01.09 14:07:20.069,1.33809,1.33836,1.50,1.12
2015.01.09 14:07:20.119,1.33809,1.33836,1.31,1.12
2015.01.09 14:07:20.246,1.33808,1.33836,2.25,1.00
2015.01.09 14:07:20.550,1.33815,1.3384,1.37,1.00
2015.01.09 14:07:22.630,1.33815,1.3384,1.50,1.00
2015.01.09 14:07:23.650,1.33815,1.33846,1.69,1.10
2015.01.09 14:07:24.209,1.33815,1.33846,1.76,1.07
2015.01.09 14:07:24.944,1.33815,1.33843,1.76,1.50
2015.01.09 14:07:26.295,1.33815,1.33843,1.66,1.50
2015.01.09 14:07:31.877,1.33814,1.33847,2.70,1.45
2015.01.09 14:07:32.129,1.33815,1.33847,1.01,1.07
2015.01.09 14:07:32.631,1.33825,1.33854,1.37,3.00
2015.01.09 14:07:32.732,1.33827,1.33856,1.87,1.50
2015.01.09 14:07:32.884,1.33827,1.33853,3.37,1.00
2015.01.09 14:07:33.186,1.33828,1.33846,1.37,1.00
2015.01.09 14:07:33.237,1.33828,1.33846,1.00,1.00
2015.01.09 14:07:33.288,1.33847,1.33856,1.00,1.65
2015.01.09 14:07:33.389,1.33847,1.33857,1.00,1.00
2015.01.09 14:07:33.490,1.33859,1.33885,1.00,1.37
2015.01.09 14:07:33.541,1.33859,1.33885,1.00,1.00
2015.01.09 14:07:33.592,1.3386,1.33887,1.00,1.00
2015.01.09 14:07:33.693,1.3386,1.33891,1.00,1.07
2015.01.09 14:07:34.146,1.33854,1.33887,1.00,1.00
2015.01.09 14:07:34.398,1.33847,1.33865,1.75,1.00
2015.01.09 14:07:34.601,1.33828,1.33863,1.37,1.00
2015.01.09 14:07:35.426,1.33822,1.33863,2.89,1.87
2015.01.09 14:07:35.477,1.33817,1.33858,1.50,1.09
2015.01.09 14:07:35.528,1.33817,1.33858,1.12,1.09
2015.01.09 14:07:35.680,1.33812,1.3386,1.78,1.12
2015.01.09 14:07:40.539,1.3382,1.33861,1.12,1.50
2015.01.09 14:07:41.186,1.33816,1.33863,2.32,2.30
2015.01.09 14:07:41.236,1.33826,1.33865,1.99,1.12
2015.01.09 14:07:41.287,1.33826,1.3387,2.74,1.56
2015.01.09 14:07:41.438,1.33827,1.33864,1.12,1.00
2015.01.09 14:07:43.302,1.33823,1.33864,1.37,1.00
2015.01.09 14:07:45.175,1.33824,1.33869,1.12,2.03
2015.01.09 14:07:45.743,1.33819,1.33866,1.12,1.31
2015.01.09 14:07:49.031,1.33819,1.33866,2.01,1.31
2015.01.09 14:08:01.185,1.33823,1.33863,1.12,1.50
2015.01.09 14:08:01.236,1.3382,1.33862,1.31,1.20
2015.01.09 14:08:02.732,1.33823,1.3386,1.00,1.12
2015.01.09 14:08:03.722,1.3382,1.3386,1.12,1.12
2015.01.09 14:08:06.163,1.33817,1.33856,2.06,1.10
2015.01.09 14:08:06.214,1.33818,1.33859,1.12,1.45
2015.01.09 14:08:07.158,1.33827,1.33859,1.01,1.70
2015.01.09 14:08:09.949,1.33827,1.33859,1.01,1.07
2015.01.09 14:08:10.218,1.33828,1.33861,1.01,1.01
2015.01.09 14:08:11.160,1.33828,1.33862,1.01,1.01
2015.01.09 14:08:12.149,1.33828,1.33863,1.01,1.31
2015.01.09 14:08:18.030,1.33829,1.33864,1.01,1.87
2015.01.09 14:08:19.559,1.33828,1.33862,1.01,1.12
2015.01.09 14:08:20.881,1.33828,1.33863,1.76,2.32
2015.01.09 14:08:21.443,1.33828,1.33863,1.76,2.32
2015.01.09 14:08:21.544,1.33828,1.33862,1.01,1.01
2015.01.09 14:08:25.329,1.33829,1.33861,1.39,1.01
2015.01.09 14:08:26.981,1.33828,1.33863,1.89,2.51
2015.01.09 14:08:27.506,1.33829,1.33863,1.01,2.51
2015.01.09 14:08:30.174,1.33827,1.33861,1.64,1.01
2015.01.09 14:08:32.090,1.33831,1.33861,1.37,1.01
2015.01.09 14:08:32.720,1.33829,1.33861,1.47,1.01
2015.01.09 14:08:33.718,1.33828,1.33861,1.45,1.01
2015.01.09 14:08:34.140,1.33828,1.33863,1.20,2.32
2015.01.09 14:08:34.689,1.33828,1.33863,1.76,2.32
2015.01.09 14:08:35.139,1.33828,1.33863,1.20,2.32
2015.01.09 14:08:36.331,1.33828,1.33863,1.01,2.32
2015.01.09 14:08:43.174,1.33829,1.33863,1.01,2.51
2015.01.09 14:08:43.701,1.33831,1.33863,1.01,2.32
2015.01.09 14:08:48.396,1.33831,1.33863,1.76,2.32
2015.01.09 14:08:49.584,1.3383,1.33863,1.01,2.32
2015.01.09 14:08:49.887,1.33829,1.3386,1.01,1.10
2015.01.09 14:09:10.148,1.33828,1.33861,1.82,2.14
2015.01.09 14:09:13.378,1.33828,1.33861,1.82,2.14
2015.01.09 14:09:13.801,1.33828,1.33861,1.45,2.14
2015.01.09 14:09:13.902,1.33829,1.33854,1.20,2.81
2015.01.09 14:09:14.431,1.33827,1.33854,1.62,3.56
2015.01.09 14:09:16.576,1.33824,1.33853,1.76,1.69
2015.01.09 14:09:17.600,1.33825,1.33853,1.62,1.69
2015.01.09 14:09:18.178,1.33825,1.33853,1.62,2.06
2015.01.09 14:09:20.820,1.33825,1.33851,1.37,1.19
2015.01.09 14:09:21.987,1.33824,1.33851,1.47,1.19
2015.01.09 14:09:26.664,1.33826,1.33848,1.37,1.19
2015.01.09 14:09:27.531,1.33826,1.33849,1.37,1.19
2015.01.09 14:09:32.268,1.33826,1.33847,1.37,1.19
2015.01.09 14:09:33.046,1.33826,1.33847,1.37,1.19
2015.01.09 14:09:37.750,1.33826,1.33849,1.37,1.19
2015.01.09 14:09:38.954,1.33826,1.3385,1.37,1.19
2015.01.09 14:09:39.958,1.33826,1.3385,1.37,1.19
2015.01.09 14:09:42.040,1.33826,1.33849,1.37,1.19
2015.01.09 14:09:42.666,1.33826,1.33849,1.45,1.25
2015.01.09 14:09:43.705,1.33826,1.33849,1.45,1.19
2015.01.09 14:09:45.835,1.33825,1.33848,1.50,1.19
2015.01.09 14:09:47.270,1.33826,1.33844,1.47,1.69
2015.01.09 14:09:47.685,1.33826,1.33844,1.10,1.69
2015.01.09 14:09:48.701,1.33825,1.33845,1.20,1.19
2015.01.09 14:09:48.830,1.33825,1.33845,1.20,1.00
2015.01.09 14:09:48.880,1.3383,1.33849,1.00,1.25
2015.01.09 14:09:49.183,1.33825,1.33848,1.75,1.19
2015.01.09 14:09:49.234,1.33825,1.33848,1.07,1.19
2015.01.09 14:09:52.513,1.33825,1.33844,1.07,1.69
2015.01.09 14:09:54.145,1.33825,1.33844,1.07,1.69
2015.01.09 14:09:57.380,1.33825,1.33844,1.07,1.69
2015.01.09 14:10:02.545,1.33825,1.33849,1.32,1.31
2015.01.09 14:10:03.792,1.33824,1.3385,1.57,1.29
2015.01.09 14:10:04.760,1.33825,1.33849,1.07,1.19
2015.01.09 14:10:05.358,1.33825,1.33847,1.10,1.19
2015.01.09 14:10:06.010,1.33825,1.33847,1.10,1.19
2015.01.09 14:10:07.076,1.33824,1.33849,1.07,1.29
2015.01.09 14:10:07.705,1.33824,1.33848,1.10,1.64
2015.01.09 14:10:07.806,1.33825,1.33842,1.00,1.10
2015.01.09 14:10:07.957,1.33812,1.33829,1.00,1.00
2015.01.09 14:10:08.008,1.33808,1.33829,1.00,1.00
2015.01.09 14:10:08.059,1.33803,1.33829,1.00,1.00
2015.01.09 14:10:08.160,1.33804,1.33835,1.00,1.25
2015.01.09 14:10:10.002,1.33805,1.3383,1.00,1.00
2015.01.09 14:10:10.103,1.33802,1.3383,1.00,1.00
2015.01.09 14:10:10.204,1.33796,1.33826,1.37,1.00
2015.01.09 14:10:10.713,1.33796,1.33826,1.00,1.00
2015.01.09 14:10:14.085,1.33797,1.33826,1.00,1.00
2015.01.09 14:10:14.136,1.33806,1.33833,1.00,1.69
2015.01.09 14:10:14.439,1.33806,1.33833,1.07,1.69
2015.01.09 14:10:14.744,1.33802,1.3383,1.50,1.07
2015.01.09 14:10:18.044,1.33801,1.3383,1.37,1.39
2015.01.09 14:10:18.664,1.33802,1.33827,1.12,2.14
2015.01.09 14:10:18.715,1.33802,1.33826,1.10,1.66
2015.01.09 14:10:18.818,1.33801,1.33826,1.37,1.56
2015.01.09 14:10:19.734,1.33802,1.33825,1.12,2.06
2015.01.09 14:10:20.266,1.33807,1.33832,1.10,1.50
2015.01.09 14:10:21.140,1.33806,1.33832,1.07,1.69
2015.01.09 14:10:21.673,1.33802,1.33829,1.12,2.14
2015.01.09 14:10:22.181,1.33802,1.33828,1.07,2.14
2015.01.09 14:10:22.688,1.33802,1.33827,1.07,2.14
2015.01.09 14:10:22.986,1.33801,1.33828,1.10,1.69
2015.01.09 14:10:23.502,1.33802,1.33827,1.00,2.14
2015.01.09 14:10:23.640,1.33802,1.33827,1.00,2.14
2015.01.09 14:10:23.971,1.33807,1.33828,1.00,1.56
2015.01.09 14:10:24.173,1.33801,1.33829,1.12,1.19
2015.01.09 14:10:24.711,1.33802,1.33827,1.07,2.14
2015.01.09 14:10:25.248,1.33801,1.33827,1.07,1.64
2015.01.09 14:10:25.438,1.33801,1.33823,1.10,1.69
2015.01.09 14:10:27.857,1.33801,1.33823,1.10,1.69
2015.01.09 14:10:28.457,1.33801,1.33823,1.10,1.69
2015.01.09 14:10:28.961,1.33802,1.33823,1.00,1.69
2015.01.09 14:10:29.389,1.33806,1.3383,1.00,2.06
2015.01.09 14:10:29.742,1.33802,1.33828,1.32,2.14
2015.01.09 14:10:30.667,1.33802,1.33828,1.07,2.14
2015.01.09 14:10:33.389,1.33807,1.33834,1.07,2.06
2015.01.09 14:10:34.315,1.33807,1.33834,1.07,2.06
2015.01.09 14:10:35.200,1.33806,1.33833,1.07,2.06
2015.01.09 14:10:35.452,1.33801,1.33831,1.94,1.64
2015.01.09 14:10:35.855,1.33801,1.33831,1.69,1.94
2015.01.09 14:10:37.528,1.33802,1.33828,1.20,1.39
2015.01.09 14:10:40.632,1.33802,1.33828,1.20,1.39
2015.01.09 14:10:40.683,1.33806,1.33832,1.00,2.06
2015.01.09 14:10:41.205,1.33801,1.3383,1.75,1.69
2015.01.09 14:10:41.934,1.33802,1.33827,1.50,1.29
2015.01.09 14:10:42.038,1.33802,1.33827,1.20,1.26
2015.01.09 14:10:45.352,1.33802,1.33824,1.20,1.69
2015.01.09 14:10:46.343,1.33801,1.33824,1.45,1.69
2015.01.09 14:10:49.479,1.33801,1.33828,1.20,1.31
2015.01.09 14:10:50.172,1.33801,1.33827,1.50,1.19
2015.01.09 14:10:53.351,1.338,1.33823,1.94,1.69
2015.01.09 14:10:55.511,1.338,1.33829,1.94,1.39
2015.01.09 14:10:57.911,1.33801,1.33823,1.69,1.69
2015.01.09 14:10:59.873,1.33801,1.33823,1.50,1.69
2015.01.09 14:11:00.047,1.33801,1.33823,1.20,1.69
2015.01.09 14:11:00.578,1.33801,1.33823,1.20,1.69
2015.01.09 14:11:04.434,1.338,1.3383,1.69,1.69
2015.01.09 14:11:09.108,1.33801,1.33827,1.26,1.29
2015.01.09 14:11:10.557,1.33801,1.33827,1.26,1.29
2015.01.09 14:11:11.516,1.33801,1.33827,1.26,1.29
2015.01.09 14:11:14.430,1.33801,1.33823,1.12,1.69
2015.01.09 14:11:19.880,1.33801,1.33825,1.31,1.19
2015.01.09 14:11:22.168,1.33801,1.33823,1.12,1.69
2015.01.09 14:11:23.408,1.33801,1.33822,1.12,1.19
2015.01.09 14:11:32.298,1.33801,1.33823,1.12,1.69
2015.01.09 14:11:35.042,1.338,1.33823,1.62,1.69
2015.01.09 14:11:37.833,1.338,1.33823,1.37,1.50
2015.01.09 14:11:38.254,1.33802,1.33823,1.37,1.50
2015.01.09 14:11:38.305,1.33806,1.33833,1.07,3.64
2015.01.09 14:11:38.838,1.33805,1.33833,1.07,2.81
2015.01.09 14:11:39.241,1.33805,1.33833,1.37,1.76
2015.01.09 14:11:40.138,1.33805,1.33834,1.37,1.76
2015.01.09 14:11:40.706,1.33805,1.33834,1.50,1.76
2015.01.09 14:11:41.449,1.33805,1.33834,1.87,2.14
2015.01.09 14:11:41.953,1.33805,1.33834,1.37,2.44
2015.01.09 14:11:42.671,1.33805,1.33833,1.37,1.39
2015.01.09 14:11:42.873,1.33805,1.33833,1.07,1.39
2015.01.09 14:11:43.486,1.33805,1.33833,1.37,1.39
2015.01.09 14:11:46.147,1.33805,1.33833,1.37,1.39
2015.01.09 14:11:47.468,1.33805,1.33833,1.37,1.39
2015.01.09 14:11:50.637,1.33805,1.33833,1.07,2.06
2015.01.09 14:11:51.564,1.33805,1.33833,1.07,1.76
2015.01.09 14:11:54.066,1.33806,1.33831,1.07,1.26
2015.01.09 14:11:54.585,1.33806,1.33831,1.07,1.26
2015.01.09 14:11:56.618,1.33805,1.33833,1.07,2.44
2015.01.09 14:11:59.734,1.33806,1.33832,1.20,1.26
2015.01.09 14:12:00.256,1.33806,1.33834,1.20,2.81
2015.01.09 14:12:01.323,1.33805,1.33834,1.50,2.14
2015.01.09 14:12:02.697,1.33805,1.33834,1.50,2.14
2015.01.09 14:12:03.259,1.33805,1.33834,1.50,2.14
2015.01.09 14:12:05.136,1.33805,1.33834,1.37,1.76
2015.01.09 14:12:05.642,1.33805,1.33834,1.75,2.14
2015.01.09 14:12:06.160,1.33805,1.33834,1.50,2.14
2015.01.09 14:12:06.691,1.33805,1.33834,1.31,2.89
2015.01.09 14:12:06.842,1.33805,1.33834,1.12,2.89
2015.01.09 14:12:06.943,1.33802,1.33831,1.56,2.44
2015.01.09 14:12:07.145,1.33801,1.33829,1.31,1.26
2015.01.09 14:12:07.927,1.33801,1.33829,1.31,1.26
2015.01.09 14:12:12.932,1.33801,1.3383,1.31,1.76
2015.01.09 14:12:18.148,1.33801,1.3383,1.31,1.26
2015.01.09 14:12:20.167,1.33801,1.3383,2.06,1.76
2015.01.09 14:12:20.399,1.33801,1.3383,2.44,1.76
2015.01.09 14:12:20.449,1.33806,1.33834,1.07,3.19
2015.01.09 14:12:21.576,1.33805,1.33833,1.12,1.26
2015.01.09 14:12:22.031,1.33806,1.33834,1.50,1.76
2015.01.09 14:12:23.509,1.33806,1.33835,1.50,1.26
2015.01.09 14:12:25.701,1.33806,1.33835,1.50,1.26
2015.01.09 14:12:26.106,1.33806,1.33834,1.20,2.06
2015.01.09 14:12:26.308,1.33806,1.33834,1.50,1.76
2015.01.09 14:12:26.409,1.33806,1.33834,1.20,2.06
2015.01.09 14:12:28.008,1.33806,1.33834,1.45,2.06
2015.01.09 14:12:28.059,1.33806,1.33834,1.75,1.76
2015.01.09 14:12:28.513,1.3381,1.33841,1.07,1.76
2015.01.09 14:12:58.177,1.33815,1.33843,1.00,2.06
2015.01.09 14:12:58.530,1.33815,1.33844,1.07,1.87
2015.01.09 14:13:03.026,1.33816,1.33842,1.07,1.45
2015.01.09 14:13:03.626,1.33816,1.33842,1.00,1.45
2015.01.09 14:13:04.499,1.33811,1.3384,1.01,1.07
2015.01.09 14:13:09.561,1.33811,1.3384,1.10,1.45
2015.01.09 14:13:14.277,1.33811,1.3384,1.20,1.20
2015.01.09 14:13:21.785,1.33811,1.33825,1.20,1.00
2015.01.09 14:13:22.190,1.33811,1.33832,1.00,1.00
2015.01.09 14:13:22.291,1.33811,1.3384,1.00,1.01
2015.01.09 14:13:22.392,1.33805,1.33836,1.87,1.00
2015.01.09 14:13:22.812,1.3381,1.33841,1.45,1.26
2015.01.09 14:13:24.265,1.3381,1.33841,1.10,1.07
2015.01.09 14:13:24.316,1.3381,1.33841,1.20,1.45
2015.01.09 14:13:24.632,1.33806,1.33835,1.37,1.00
2015.01.09 14:13:24.784,1.3381,1.33841,1.47,1.07
2015.01.09 14:13:25.306,1.3381,1.33825,1.47,1.00
2015.01.09 14:13:25.710,1.3381,1.33837,1.20,1.00
2015.01.09 14:13:25.911,1.33806,1.33835,1.75,1.00
2015.01.09 14:13:26.315,1.3381,1.33841,1.47,1.26
2015.01.09 14:13:27.079,1.3381,1.33825,1.47,1.00
2015.01.09 14:13:27.432,1.33816,1.33825,1.37,1.00
2015.01.09 14:13:27.482,1.3382,1.33843,1.00,2.06
2015.01.09 14:13:27.634,1.3382,1.33845,1.00,1.56
2015.01.09 14:13:28.161,1.3382,1.33846,1.10,1.56
2015.01.09 14:13:29.511,1.3382,1.33833,1.00,1.45
2015.01.09 14:13:29.562,1.33802,1.3383,1.50,1.37
2015.01.09 14:13:30.157,1.33801,1.3383,2.81,1.37
2015.01.09 14:13:31.354,1.33801,1.3383,3.56,1.37
2015.01.09 14:13:31.455,1.3381,1.33837,2.81,1.56
2015.01.09 14:13:32.450,1.33811,1.3384,1.31,2.89
2015.01.09 14:13:34.858,1.33815,1.33835,1.56,1.19
2015.01.09 14:13:35.076,1.33815,1.33835,1.37,1.00
2015.01.09 14:13:35.127,1.33815,1.33835,1.10,1.10
2015.01.09 14:13:36.162,1.33815,1.33835,1.10,1.29
2015.01.09 14:13:36.337,1.33815,1.33826,1.10,1.00
2015.01.09 14:13:36.438,1.3381,1.33826,1.57,1.31
2015.01.09 14:13:36.691,1.33811,1.33832,1.31,1.10
2015.01.09 14:13:36.854,1.33811,1.33839,1.69,2.44
2015.01.09 14:13:37.608,1.3381,1.33839,2.62,1.69
2015.01.09 14:13:37.659,1.3381,1.33833,2.25,1.37
2015.01.09 14:13:37.760,1.33807,1.33831,1.31,1.12
2015.01.09 14:13:37.861,1.33803,1.3383,2.19,1.00
2015.01.09 14:13:38.407,1.33801,1.33831,1.31,1.37
2015.01.09 14:13:45.136,1.338,1.33826,1.31,1.87
2015.01.09 14:13:45.237,1.33799,1.33826,2.06,1.87
2015.01.09 14:13:45.300,1.33799,1.33826,2.06,1.87
2015.01.09 14:13:45.603,1.3381,1.33834,1.56,2.06
2015.01.09 14:13:45.704,1.33811,1.33836,2.44,1.01
2015.01.09 14:13:46.016,1.33811,1.33839,1.31,1.69
2015.01.09 14:13:46.345,1.33811,1.33834,1.12,1.00
2015.01.09 14:13:46.447,1.33805,1.33831,2.00,1.37
2015.01.09 14:13:46.548,1.33804,1.3383,1.56,1.37
2015.01.09 14:13:46.649,1.33802,1.3383,1.31,1.37
2015.01.09 14:13:48.065,1.33801,1.33831,1.31,1.70
2015.01.09 14:13:51.159,1.33801,1.33831,1.56,1.64
2015.01.09 14:13:59.079,1.33801,1.3383,1.87,1.39
2015.01.09 14:14:00.131,1.33801,1.3383,1.87,1.39
2015.01.09 14:14:02.938,1.33801,1.3383,1.87,1.39
2015.01.09 14:14:05.564,1.33802,1.3383,1.45,1.39
2015.01.09 14:14:07.087,1.33803,1.3383,1.56,1.20
2015.01.09 14:14:12.284,1.33802,1.3383,2.44,1.47
2015.01.09 14:14:18.249,1.33801,1.3383,2.62,1.95
2015.01.09 14:14:24.095,1.33803,1.3383,1.31,1.10
2015.01.09 14:14:24.145,1.33806,1.33831,1.26,1.20
2015.01.09 14:14:24.297,1.33805,1.33834,2.81,2.14
2015.01.09 14:14:26.161,1.33807,1.33834,1.56,2.81
2015.01.09 14:14:32.435,1.33807,1.33834,1.56,2.81
2015.01.09 14:14:40.956,1.33807,1.33834,2.06,1.62
2015.01.09 14:14:41.587,1.33807,1.33834,1.69,1.66
2015.01.09 14:14:42.259,1.33806,1.33834,4.31,1.66
2015.01.09 14:14:46.957,1.33807,1.33834,2.06,2.89
2015.01.09 14:14:48.372,1.33808,1.33834,1.31,2.89
2015.01.09 14:14:52.981,1.33806,1.33834,2.81,2.89
2015.01.09 14:15:18.103,1.33806,1.33829,2.06,1.00
2015.01.09 14:15:18.571,1.33802,1.33829,2.06,1.20
2015.01.09 14:15:18.722,1.33806,1.33832,1.31,1.70
2015.01.09 14:15:20.097,1.33806,1.33834,1.69,3.64
2015.01.09 14:15:23.120,1.33806,1.33834,2.06,3.64
2015.01.09 14:15:23.714,1.33806,1.33834,2.06,2.89
2015.01.09 14:15:29.324,1.33807,1.33834,1.22,3.45
2015.01.09 14:15:29.375,1.33803,1.33834,2.06,3.07
2015.01.09 14:15:29.476,1.33803,1.33833,1.94,1.37
2015.01.09 14:15:29.603,1.33801,1.33833,2.25,1.75
2015.01.09 14:15:30.106,1.33801,1.33832,1.50,1.20
2015.01.09 14:15:39.466,1.338,1.33832,2.19,1.39
2015.01.09 14:15:39.617,1.338,1.33832,2.19,1.39
2015.01.09 14:15:40.547,1.338,1.33832,2.19,1.39
2015.01.09 14:15:53.871,1.33801,1.33833,1.37,3.19
2015.01.09 14:15:56.304,1.33801,1.33832,1.62,1.64
2015.01.09 14:15:56.607,1.33801,1.33833,1.37,1.69
2015.01.09 14:15:56.916,1.33811,1.33834,1.37,2.81
2015.01.09 14:15:57.169,1.33809,1.33832,1.00,1.64
2015.01.09 14:15:58.299,1.33802,1.33832,1.12,1.64
2015.01.09 14:15:59.013,1.33802,1.33832,1.12,1.64
2015.01.09 14:15:59.742,1.33801,1.33832,1.12,1.94
2015.01.09 14:16:03.535,1.33801,1.3383,1.12,1.64
2015.01.09 14:16:06.329,1.33801,1.33829,1.12,1.39
2015.01.09 14:16:10.156,1.33801,1.33829,1.12,1.39
2015.01.09 14:16:10.717,1.33802,1.33829,1.12,1.39
2015.01.09 14:16:11.248,1.33802,1.33833,1.12,3.94
2015.01.09 14:16:12.596,1.33802,1.33833,1.12,3.94
2015.01.09 14:16:13.539,1.338,1.33832,1.12,1.94
2015.01.09 14:16:13.715,1.338,1.33832,1.12,1.69
2015.01.09 14:16:14.245,1.338,1.33832,1.12,1.69
2015.01.09 14:16:17.852,1.33797,1.33822,1.50,1.64
2015.01.09 14:16:18.575,1.33797,1.33821,1.00,1.39
2015.01.09 14:16:20.097,1.33788,1.33819,5.27,1.19
2015.01.09 14:16:20.198,1.33788,1.33816,3.75,1.19
2015.01.09 14:16:20.450,1.33779,1.33814,1.15,2.06
2015.01.09 14:16:20.652,1.33777,1.33813,1.15,2.06
2015.01.09 14:16:21.114,1.33775,1.3381,1.15,1.26
2015.01.09 14:16:21.597,1.33775,1.33809,1.15,1.01
2015.01.09 14:16:21.900,1.33784,1.338,1.00,1.07
2015.01.09 14:16:22.102,1.3379,1.33812,1.00,1.31
2015.01.09 14:16:22.203,1.33784,1.33812,1.00,1.19
2015.01.09 14:16:22.715,1.33784,1.33812,1.10,1.19
2015.01.09 14:16:24.665,1.33784,1.33812,1.00,1.31
2015.01.09 14:16:24.968,1.33774,1.33813,1.33,1.56
2015.01.09 14:16:26.870,1.33774,1.33813,1.15,1.56
2015.01.09 14:16:29.684,1.33779,1.33814,1.40,2.06
2015.01.09 14:16:30.037,1.33779,1.33814,1.15,2.06
2015.01.09 14:16:30.523,1.3378,1.33814,1.15,2.06
2015.01.09 14:16:31.438,1.3378,1.33814,1.40,2.06
2015.01.09 14:16:33.189,1.3378,1.33814,1.33,2.06
2015.01.09 14:16:34.822,1.3378,1.33814,1.33,2.06
2015.01.09 14:16:35.955,1.3378,1.33813,1.15,1.69
2015.01.09 14:16:37.715,1.3378,1.33813,1.40,2.06
2015.01.09 14:16:40.973,1.33779,1.33813,1.33,2.06
2015.01.09 14:16:41.421,1.33779,1.33813,1.33,2.06
2015.01.09 14:16:42.826,1.33779,1.33813,1.15,2.06
2015.01.09 14:16:44.319,1.3378,1.33813,1.40,2.06
2015.01.09 14:16:46.298,1.3378,1.33813,1.40,2.06
2015.01.09 14:16:50.396,1.3378,1.33813,1.40,2.44
2015.01.09 14:16:53.158,1.3378,1.33813,1.58,2.44
2015.01.09 14:16:53.360,1.3378,1.33813,1.33,2.25
2015.01.09 14:16:53.462,1.3378,1.33816,1.33,1.69
2015.01.09 14:17:01.214,1.33784,1.33817,1.12,1.94
2015.01.09 14:17:05.204,1.33782,1.33816,1.78,1.39
2015.01.09 14:17:05.776,1.33782,1.33816,1.33,1.39
2015.01.09 14:17:06.053,1.33782,1.33804,1.33,1.00
2015.01.09 14:17:06.356,1.33765,1.33789,1.31,1.50
2015.01.09 14:17:06.407,1.33761,1.33789,2.06,1.95
2015.01.09 14:17:06.760,1.33761,1.33789,2.44,2.06
2015.01.09 14:17:06.861,1.33768,1.33795,1.94,1.37
2015.01.09 14:17:06.912,1.33768,1.33795,2.31,1.00
2015.01.09 14:17:06.963,1.33769,1.33795,1.03,1.00
2015.01.09 14:17:07.064,1.3377,1.33803,1.33,1.37
2015.01.09 14:17:07.115,1.33771,1.33803,1.33,1.00
2015.01.09 14:17:07.216,1.33771,1.33804,1.96,1.00
2015.01.09 14:17:07.317,1.33772,1.33804,1.78,1.00
2015.01.09 14:17:07.368,1.33773,1.33812,1.33,1.94
2015.01.09 14:17:07.418,1.33776,1.33813,1.33,3.64
2015.01.09 14:17:08.965,1.33776,1.33813,1.33,1.20
2015.01.09 14:17:09.763,1.33777,1.33813,1.25,1.56
2015.01.09 14:17:11.951,1.33777,1.33813,1.25,2.81
2015.01.09 14:17:15.322,1.3377,1.33797,1.14,1.00
2015.01.09 14:17:15.625,1.33752,1.33777,1.31,1.00
2015.01.09 14:17:15.777,1.33752,1.33777,1.31,1.00
2015.01.09 14:17:16.565,1.33752,1.33777,1.31,1.10
2015.01.09 14:17:17.572,1.33752,1.33777,1.31,1.10
2015.01.09 14:17:18.133,1.33751,1.33777,1.94,1.10
2015.01.09 14:17:19.207,1.33751,1.33777,1.56,1.20
2015.01.09 14:17:19.510,1.33753,1.33777,1.26,2.14
2015.01.09 14:17:20.373,1.33766,1.33773,1.58,1.50
2015.01.09 14:17:20.525,1.33766,1.33789,1.58,1.47
2015.01.09 14:17:20.676,1.33768,1.33789,1.14,1.00
2015.01.09 14:17:20.828,1.33767,1.33796,1.81,1.26
2015.01.09 14:17:21.342,1.33768,1.33797,1.22,1.69
2015.01.09 14:17:21.546,1.33768,1.33797,1.22,1.69
2015.01.09 14:17:21.709,1.33768,1.33797,1.14,2.06
2015.01.09 14:17:22.797,1.33768,1.33798,1.48,1.31
2015.01.09 14:17:23.370,1.3377,1.33798,1.39,1.31
2015.01.09 14:17:23.471,1.33772,1.338,1.97,1.94
2015.01.09 14:17:23.572,1.33772,1.338,2.72,1.94
2015.01.09 14:17:24.683,1.33775,1.33802,1.31,1.56
2015.01.09 14:17:26.108,1.33781,1.33803,1.00,1.12
2015.01.09 14:17:26.209,1.33787,1.33809,1.79,1.37
2015.01.09 14:17:26.411,1.33782,1.33816,3.55,1.75
2015.01.09 14:17:26.613,1.33789,1.33816,1.00,1.75
2015.01.09 14:17:28.572,1.33782,1.33813,1.25,1.12
2015.01.09 14:17:28.622,1.33782,1.33804,1.25,1.00
2015.01.09 14:17:28.775,1.33778,1.33804,1.56,1.10
2015.01.09 14:17:28.841,1.33777,1.33804,2.14,1.07
2015.01.09 14:17:29.873,1.33777,1.33804,1.64,1.26
2015.01.09 14:17:30.983,1.33776,1.33804,1.69,1.26
2015.01.09 14:17:31.286,1.33765,1.33789,1.94,1.12
2015.01.09 14:17:31.771,1.33761,1.33789,2.44,2.06
2015.01.09 14:17:32.807,1.33761,1.33789,2.44,2.06
2015.01.09 14:17:35.493,1.33764,1.33786,1.29,1.26
2015.01.09 14:17:47.880,1.33761,1.33784,1.75,1.76
2015.01.09 14:17:48.031,1.33758,1.33784,1.31,2.89
2015.01.09 14:17:48.082,1.33758,1.33784,1.31,2.14
2015.01.09 14:17:48.422,1.33765,1.33784,1.00,1.76
2015.01.09 14:17:51.075,1.33765,1.33784,1.25,1.76
2015.01.09 14:17:53.390,1.33765,1.33784,1.00,1.76
2015.01.09 14:17:57.815,1.33765,1.33784,1.00,1.76
2015.01.09 14:17:57.916,1.33759,1.33784,1.70,2.51
2015.01.09 14:17:57.967,1.33756,1.33784,2.81,2.89
2015.01.09 14:17:58.484,1.33754,1.33784,2.81,2.89
2015.01.09 14:17:59.415,1.33754,1.33784,2.81,2.89
2015.01.09 14:18:05.141,1.33757,1.33784,1.39,2.89
2015.01.09 14:18:05.627,1.33758,1.33784,1.76,4.69
2015.01.09 14:18:08.323,1.33757,1.33784,1.20,4.31
2015.01.09 14:18:16.073,1.33757,1.33784,1.20,5.81
2015.01.09 14:18:16.376,1.3375,1.3378,2.44,1.39
2015.01.09 14:18:16.652,1.3375,1.3378,2.06,1.39
2015.01.09 14:18:18.350,1.3375,1.3378,2.06,1.39
2015.01.09 14:18:19.090,1.33751,1.33781,1.31,3.19
2015.01.09 14:18:20.254,1.33754,1.33781,1.39,1.69
2015.01.09 14:18:20.406,1.33755,1.33783,1.31,1.64
2015.01.09 14:18:20.864,1.33757,1.33783,1.39,1.64
2015.01.09 14:18:21.960,1.33757,1.33783,1.69,1.64
2015.01.09 14:18:25.867,1.33757,1.33783,1.69,1.64
2015.01.09 14:18:29.148,1.33761,1.33784,1.31,1.76
2015.01.09 14:18:29.676,1.33761,1.33784,2.06,1.76
2015.01.09 14:18:33.660,1.33764,1.33784,1.29,1.76
2015.01.09 14:18:38.804,1.33756,1.33784,1.31,2.14
2015.01.09 14:18:39.432,1.33756,1.33784,2.06,2.14
2015.01.09 14:18:40.853,1.3376,1.33784,1.66,1.76
2015.01.09 14:18:44.321,1.33765,1.33784,1.00,1.57
2015.01.09 14:18:44.372,1.3376,1.33787,1.45,1.12
2015.01.09 14:18:44.423,1.33763,1.33787,1.00,1.87
2015.01.09 14:18:44.771,1.33763,1.33793,1.75,2.55
2015.01.09 14:18:44.822,1.33763,1.33791,1.12,1.05
2015.01.09 14:18:46.064,1.33763,1.33793,1.31,2.29
2015.01.09 14:18:47.333,1.33762,1.33793,1.56,2.81
2015.01.09 14:18:47.882,1.33768,1.33793,1.00,1.69
2015.01.09 14:18:48.033,1.33768,1.33794,1.10,1.95
2015.01.09 14:18:48.089,1.33768,1.33794,1.12,1.95
2015.01.09 14:18:48.511,1.33769,1.33794,1.50,1.95
2015.01.09 14:18:49.316,1.33768,1.33799,2.06,1.24
2015.01.09 14:19:06.659,1.33768,1.33795,1.37,2.06
2015.01.09 14:19:06.926,1.33766,1.33795,1.64,2.06
2015.01.09 14:19:07.791,1.33768,1.33793,1.37,1.07
2015.01.09 14:19:08.045,1.33768,1.33797,2.25,1.94
2015.01.09 14:19:08.633,1.33768,1.33797,2.25,1.69
2015.01.09 14:19:08.991,1.33765,1.33794,1.69,1.39
2015.01.09 14:19:09.298,1.33765,1.33794,1.66,2.06
2015.01.09 14:19:10.500,1.33768,1.33793,1.56,1.69
2015.01.09 14:19:10.829,1.33768,1.33793,1.37,1.50
2015.01.09 14:19:10.980,1.33768,1.33798,1.10,1.94
2015.01.09 14:19:11.081,1.33767,1.33799,2.62,2.06
2015.01.09 14:19:11.629,1.33767,1.33799,2.25,1.94
2015.01.09 14:19:12.543,1.33768,1.33799,1.37,1.31
2015.01.09 14:19:13.280,1.33767,1.33795,1.39,1.70
2015.01.09 14:19:13.588,1.33766,1.33794,1.64,1.37
2015.01.09 14:19:14.110,1.33766,1.33794,1.64,1.56
2015.01.09 14:19:16.118,1.33768,1.33793,1.29,1.31
2015.01.09 14:19:17.221,1.33768,1.33793,1.19,1.31
2015.01.09 14:19:17.523,1.33768,1.33793,1.00,1.31
2015.01.09 14:19:17.825,1.33768,1.33794,1.07,2.14
2015.01.09 14:19:18.027,1.33768,1.33793,1.00,2.81
2015.01.09 14:19:18.934,1.33768,1.33793,1.00,3.94
2015.01.09 14:19:20.741,1.33767,1.33798,3.00,1.56
2015.01.09 14:19:21.069,1.33767,1.33798,3.00,1.56
2015.01.09 14:19:21.980,1.33766,1.33793,1.64,1.31
2015.01.09 14:19:22.598,1.33764,1.33793,1.69,1.69
2015.01.09 14:19:23.152,1.33765,1.33793,1.64,2.06
2015.01.09 14:19:23.863,1.33764,1.33793,2.06,1.69
2015.01.09 14:19:23.964,1.33767,1.33795,1.95,1.39
2015.01.09 14:19:24.066,1.33768,1.33798,1.87,1.31
2015.01.09 14:19:24.434,1.33767,1.33798,3.94,1.56
2015.01.09 14:19:29.884,1.33767,1.33793,3.19,1.39
2015.01.09 14:19:30.035,1.33764,1.33793,1.31,1.69
2015.01.09 14:19:30.831,1.33764,1.33793,2.44,2.81
2015.01.09 14:19:30.882,1.33764,1.33793,2.44,2.81
2015.01.09 14:19:31.413,1.33767,1.33793,1.47,1.50
2015.01.09 14:19:31.565,1.33767,1.33794,1.45,1.39
2015.01.09 14:19:32.151,1.33767,1.33794,1.45,1.39
2015.01.09 14:19:32.541,1.33768,1.33797,1.50,2.14
2015.01.09 14:19:34.619,1.33768,1.33796,1.95,1.26
2015.01.09 14:19:41.997,1.33768,1.33796,1.95,1.26
2015.01.09 14:19:42.098,1.33768,1.33795,1.95,1.26
2015.01.09 14:19:44.058,1.33768,1.33797,1.45,2.44
2015.01.09 14:19:45.809,1.33768,1.33797,1.64,2.44
2015.01.09 14:19:46.364,1.33763,1.33793,1.69,2.81
2015.01.09 14:19:46.956,1.33764,1.33792,1.64,1.26
2015.01.09 14:19:49.393,1.33767,1.33793,1.70,1.00
2015.01.09 14:19:49.899,1.33767,1.33797,2.14,1.69
2015.01.09 14:19:52.584,1.33763,1.33795,2.06,1.64
2015.01.09 14:19:53.060,1.33763,1.33795,1.69,1.94
2015.01.09 14:19:57.493,1.33763,1.33793,1.12,1.69
2015.01.09 14:20:04.208,1.33765,1.33791,1.07,1.26
2015.01.09 14:20:12.114,1.33765,1.33795,1.20,1.94
2015.01.09 14:20:15.337,1.33765,1.33792,1.07,2.14
2015.01.09 14:20:17.361,1.33764,1.33793,1.12,1.94
2015.01.09 14:20:27.656,1.33764,1.33796,1.75,1.56
2015.01.09 14:20:28.341,1.33765,1.33795,1.50,2.06
2015.01.09 14:20:29.078,1.33765,1.33795,1.20,1.69
2015.01.09 14:20:32.371,1.33765,1.33795,1.50,2.44
2015.01.09 14:20:34.822,1.33765,1.33795,1.07,2.44
2015.01.09 14:20:40.773,1.33764,1.33796,1.45,2.44
2015.01.09 14:20:43.182,1.33765,1.33795,1.47,1.56
2015.01.09 14:20:45.702,1.33764,1.33792,1.12,1.69
2015.01.09 14:20:47.480,1.33764,1.33792,1.00,1.64
2015.01.09 14:20:48.155,1.33764,1.33792,1.37,1.64
2015.01.09 14:20:48.702,1.33764,1.33792,1.37,1.64
2015.01.09 14:20:49.263,1.33764,1.33792,1.45,1.64
2015.01.09 14:20:50.220,1.33765,1.33794,1.07,1.56
2015.01.09 14:20:55.266,1.33765,1.33792,1.12,1.39
2015.01.09 14:20:57.773,1.33765,1.33792,1.10,2.14
2015.01.09 14:20:58.569,1.33765,1.3379,1.10,2.89
2015.01.09 14:21:00.176,1.33765,1.3379,1.07,2.89
2015.01.09 14:21:00.593,1.33764,1.33791,1.00,2.14
2015.01.09 14:21:01.135,1.33764,1.33791,1.00,2.89
2015.01.09 14:21:03.383,1.33765,1.33789,1.00,1.56
2015.01.09 14:21:04.142,1.33765,1.33789,1.07,1.66
2015.01.09 14:21:04.656,1.33765,1.33789,1.00,1.66
2015.01.09 14:21:05.761,1.33759,1.33791,1.07,2.14
2015.01.09 14:21:05.963,1.33765,1.33789,1.00,1.66
2015.01.09 14:21:06.165,1.33759,1.33788,1.50,1.69
2015.01.09 14:21:07.190,1.33759,1.3379,1.50,2.81
2015.01.09 14:21:07.505,1.33759,1.3379,1.45,2.81
2015.01.09 14:21:08.587,1.33759,1.33789,1.45,1.94
2015.01.09 14:21:09.760,1.33759,1.33789,1.50,1.69
2015.01.09 14:21:10.272,1.33759,1.33789,1.69,1.94
2015.01.09 14:21:11.699,1.33759,1.3379,2.44,2.06
2015.01.09 14:21:12.668,1.3376,1.33789,2.06,1.56
2015.01.09 14:21:13.221,1.3376,1.33788,1.64,2.44
2015.01.09 14:21:14.944,1.3376,1.33788,1.69,2.06
2015.01.09 14:21:16.179,1.33759,1.33789,1.94,1.56
2015.01.09 14:21:17.382,1.3376,1.33788,1.69,2.44
2015.01.09 14:21:18.484,1.3376,1.33788,1.22,1.69
2015.01.09 14:21:20.628,1.33759,1.33786,1.69,1.26
2015.01.09 14:21:20.943,1.3376,1.33785,1.07,1.26
2015.01.09 14:21:21.803,1.33759,1.33785,1.69,1.26
2015.01.09 14:21:21.904,1.33759,1.33785,1.69,1.07
2015.01.09 14:21:21.955,1.33765,1.3379,1.00,2.81
2015.01.09 14:21:22.107,1.33764,1.33791,1.00,1.76
2015.01.09 14:21:23.164,1.33764,1.33791,1.07,2.14
2015.01.09 14:21:28.413,1.33769,1.33791,1.00,1.26
2015.01.09 14:21:28.877,1.33769,1.33792,1.00,1.01
2015.01.09 14:21:30.199,1.33769,1.33795,1.37,1.31
2015.01.09 14:21:30.773,1.33769,1.33793,1.47,1.10
2015.01.09 14:21:32.739,1.3377,1.33792,1.12,1.00
2015.01.09 14:21:33.432,1.33769,1.33792,1.10,1.25
2015.01.09 14:21:38.493,1.3377,1.33791,1.00,1.00
2015.01.09 14:21:39.807,1.3377,1.33792,1.00,1.25
2015.01.09 14:21:41.608,1.33769,1.33796,1.47,1.31
2015.01.09 14:21:42.077,1.33769,1.33796,1.66,1.31
2015.01.09 14:21:42.330,1.3377,1.33798,2.06,1.39
2015.01.09 14:21:42.999,1.33769,1.33797,1.69,1.31
2015.01.09 14:21:45.101,1.33769,1.33797,1.64,1.56
2015.01.09 14:22:00.028,1.3377,1.33798,1.39,2.44
2015.01.09 14:22:05.313,1.33769,1.33799,1.66,1.31
2015.01.09 14:22:05.922,1.33769,1.338,1.64,2.81
2015.01.09 14:22:12.880,1.3377,1.33796,1.10,1.45
2015.01.09 14:22:13.032,1.3376,1.3379,1.07,1.47
2015.01.09 14:22:13.387,1.3375,1.33768,1.31,1.00
2015.01.09 14:22:13.639,1.33757,1.3377,1.37,1.00
2015.01.09 14:22:13.691,1.33764,1.33781,1.00,1.87
2015.01.09 14:22:13.792,1.33764,1.33789,1.00,1.25
2015.01.09 14:22:13.994,1.33751,1.33792,1.96,1.69
2015.01.09 14:22:14.095,1.33751,1.33792,1.96,1.69
2015.01.09 14:22:14.631,1.33749,1.33792,1.33,2.06
2015.01.09 14:22:14.957,1.33749,1.33789,1.33,1.31
2015.01.09 14:22:15.358,1.33751,1.33769,1.33,1.00
2015.01.09 14:22:15.560,1.33743,1.33769,2.06,1.37
2015.01.09 14:22:15.611,1.33757,1.33776,1.07,1.87
2015.01.09 14:22:15.712,1.33757,1.3378,1.10,1.00
2015.01.09 14:22:15.813,1.33754,1.3379,1.61,1.39
2015.01.09 14:22:15.863,1.33754,1.3379,1.42,1.39
2015.01.09 14:22:15.964,1.33748,1.3379,2.43,1.39
2015.01.09 14:22:16.065,1.33748,1.3379,2.43,1.39
2015.01.09 14:22:16.580,1.33754,1.33769,1.37,1.00
2015.01.09 14:22:16.732,1.33744,1.33769,1.94,2.25
2015.01.09 14:22:16.833,1.33757,1.33769,1.00,1.12
2015.01.09 14:22:16.985,1.33757,1.33782,1.40,1.00
2015.01.09 14:22:17.086,1.33757,1.33789,1.52,1.66
2015.01.09 14:22:17.137,1.33753,1.33789,1.33,1.39
2015.01.09 14:22:17.187,1.33753,1.33789,1.33,1.39
2015.01.09 14:22:17.289,1.33753,1.33789,1.33,1.31
2015.01.09 14:22:17.653,1.33753,1.33795,1.52,2.81
2015.01.09 14:22:17.957,1.33752,1.33769,1.75,2.25
2015.01.09 14:22:18.210,1.33756,1.33783,1.52,1.00
2015.01.09 14:22:18.966,1.33756,1.33784,1.52,1.00
2015.01.09 14:22:19.017,1.33752,1.33791,1.33,1.94
2015.01.09 14:22:19.070,1.33752,1.33791,1.33,1.94
2015.01.09 14:22:19.373,1.33757,1.3377,1.00,1.12
2015.01.09 14:22:19.474,1.33757,1.33782,1.40,1.00
2015.01.09 14:22:19.525,1.33757,1.33784,1.47,1.00
2015.01.09 14:22:19.577,1.33756,1.33793,1.15,2.06
2015.01.09 14:22:19.831,1.33751,1.3379,1.33,1.01
2015.01.09 14:22:19.881,1.33752,1.33784,1.33,1.00
2015.01.09 14:22:20.038,1.33752,1.33784,1.33,1.10
2015.01.09 14:22:20.310,1.33752,1.33768,1.33,1.00
2015.01.09 14:22:20.512,1.33744,1.33768,1.94,1.12
2015.01.09 14:22:20.563,1.33757,1.33769,1.00,1.12
2015.01.09 14:22:20.764,1.33757,1.33784,1.47,1.07
2015.01.09 14:22:20.815,1.33757,1.33789,1.52,1.01
2015.01.09 14:22:20.866,1.33754,1.33788,2.22,1.19
2015.01.09 14:22:21.017,1.33751,1.3379,1.33,1.01
2015.01.09 14:22:21.439,1.33751,1.3379,1.33,1.01
2015.01.09 14:22:21.742,1.33745,1.33769,2.06,1.12
2015.01.09 14:22:21.944,1.33756,1.33781,1.50,1.87
2015.01.09 14:22:21.995,1.33756,1.33781,1.50,1.00
2015.01.09 14:22:22.096,1.33754,1.3379,1.33,1.64
2015.01.09 14:22:22.247,1.33749,1.3379,1.98,1.64
2015.01.09 14:22:22.449,1.33747,1.33793,2.83,1.94
2015.01.09 14:22:22.783,1.33748,1.33791,1.96,1.31
2015.01.09 14:22:24.301,1.33744,1.33768,2.06,1.00
2015.01.09 14:22:24.844,1.33744,1.33768,2.06,1.00
2015.01.09 14:22:26.122,1.33751,1.33768,1.37,1.00
2015.01.09 14:22:26.173,1.33751,1.3377,1.37,1.12
2015.01.09 14:22:26.274,1.33751,1.33778,1.15,1.37
2015.01.09 14:22:26.375,1.33756,1.33786,1.15,1.50
2015.01.09 14:22:26.426,1.33752,1.33786,1.15,1.37
2015.01.09 14:22:26.930,1.33752,1.33788,1.15,1.31
2015.01.09 14:22:27.102,1.33747,1.33785,1.96,1.20
2015.01.09 14:22:27.605,1.33746,1.33769,1.94,1.87
2015.01.09 14:22:27.656,1.33744,1.33769,1.94,1.12
2015.01.09 14:22:29.080,1.33745,1.33769,1.31,1.00
2015.01.09 14:22:29.231,1.33751,1.33776,1.33,1.00
2015.01.09 14:22:29.282,1.33751,1.33779,1.33,1.00
2015.01.09 14:22:29.333,1.33751,1.33788,1.33,2.81
2015.01.09 14:22:29.383,1.33752,1.33788,1.15,2.81
2015.01.09 14:22:29.923,1.33751,1.3379,1.33,1.94
2015.01.09 14:22:33.974,1.33754,1.3379,1.15,1.94
2015.01.09 14:22:35.038,1.33751,1.3379,1.33,1.94
2015.01.09 14:22:35.561,1.33751,1.33779,1.33,1.00
2015.01.09 14:22:37.160,1.33751,1.33769,1.15,1.00
2015.01.09 14:22:37.211,1.3375,1.33785,1.15,1.26
2015.01.09 14:22:38.216,1.33754,1.33788,1.12,1.31
2015.01.09 14:22:38.418,1.33756,1.33788,1.12,1.31
2015.01.09 14:22:38.737,1.33754,1.33785,1.12,1.01
2015.01.09 14:22:39.754,1.33751,1.33785,1.15,1.01
2015.01.09 14:22:40.803,1.33751,1.33785,1.33,1.01
2015.01.09 14:22:43.037,1.33753,1.33785,1.33,1.26
2015.01.09 14:22:43.984,1.33753,1.33785,1.33,1.26
2015.01.09 14:22:44.253,1.3375,1.33788,1.33,1.31
2015.01.09 14:22:44.354,1.3375,1.33789,1.33,1.31
2015.01.09 14:22:47.309,1.33751,1.33779,1.33,1.00
2015.01.09 14:22:47.612,1.33748,1.33769,1.12,1.12
2015.01.09 14:22:47.663,1.33748,1.33774,1.15,1.00
2015.01.09 14:22:47.764,1.33748,1.33785,1.15,1.76
2015.01.09 14:22:48.986,1.33748,1.33788,2.08,1.31
2015.01.09 14:22:49.186,1.33748,1.3379,2.08,1.94
2015.01.09 14:22:49.589,1.33753,1.33789,1.33,1.31
2015.01.09 14:22:53.081,1.33754,1.33789,2.06,1.31
2015.01.09 14:22:53.594,1.33755,1.3379,1.31,1.94
2015.01.09 14:22:54.565,1.33755,1.3379,1.31,1.94
2015.01.09 14:22:57.435,1.33752,1.3379,1.33,1.94
2015.01.09 14:22:58.195,1.33753,1.3379,1.33,1.94
2015.01.09 14:22:58.836,1.33753,1.33769,1.33,1.00
2015.01.09 14:22:58.988,1.33745,1.33769,2.44,1.37
2015.01.09 14:22:59.039,1.33757,1.33775,1.00,1.75
2015.01.09 14:22:59.190,1.33757,1.33782,1.78,1.70
2015.01.09 14:22:59.241,1.33757,1.33782,1.78,1.32
2015.01.09 14:22:59.342,1.33758,1.33789,1.35,1.31
2015.01.09 14:22:59.443,1.33753,1.33787,1.78,1.31
2015.01.09 14:22:59.958,1.33753,1.33787,1.78,1.60
2015.01.09 14:23:02.663,1.33753,1.33784,2.21,1.01
2015.01.09 14:23:03.175,1.33753,1.33784,2.21,1.01
2015.01.09 14:23:05.481,1.33753,1.33783,1.33,1.29
2015.01.09 14:23:06.095,1.33753,1.33769,1.33,1.50
2015.01.09 14:23:06.247,1.33745,1.33769,1.94,1.50
2015.01.09 14:23:07.906,1.33743,1.33769,1.31,1.50
2015.01.09 14:23:09.077,1.33757,1.33768,1.00,1.00
2015.01.09 14:23:09.178,1.33757,1.33776,1.58,1.87
2015.01.09 14:23:09.229,1.33758,1.33776,1.28,1.12
2015.01.09 14:23:09.330,1.33757,1.33787,3.28,1.69
2015.01.09 14:23:09.380,1.33757,1.33785,3.28,2.18
2015.01.09 14:23:09.683,1.33754,1.33775,1.14,1.27
2015.01.09 14:23:10.015,1.33751,1.33775,1.14,1.27
2015.01.09 14:23:10.885,1.33751,1.33775,1.14,1.65
2015.01.09 14:23:12.090,1.33751,1.33775,1.14,1.65
2015.01.09 14:23:16.046,1.3375,1.33775,1.14,1.65
2015.01.09 14:23:18.406,1.33749,1.33775,1.33,1.27
2015.01.09 14:23:18.754,1.33749,1.33775,1.33,1.65
2015.01.09 14:23:20.022,1.33749,1.33775,1.33,1.65
2015.01.09 14:23:21.139,1.33749,1.33775,1.96,1.46
2015.01.09 14:23:23.333,1.33749,1.33775,1.52,1.65
2015.01.09 14:23:24.434,1.33749,1.33775,2.21,1.27
2015.01.09 14:23:25.347,1.33757,1.33775,1.19,1.27
2015.01.09 14:23:25.956,1.33757,1.33775,1.77,1.27
2015.01.09 14:23:26.467,1.33758,1.33776,1.14,1.27
2015.01.09 14:23:27.405,1.33758,1.33776,1.46,1.27
2015.01.09 14:23:28.882,1.33758,1.33783,1.46,1.56
2015.01.09 14:23:29.326,1.33758,1.33783,1.14,1.56
2015.01.09 14:23:31.522,1.33759,1.33786,1.14,1.64
2015.01.09 14:23:39.665,1.33757,1.33786,4.71,1.64
2015.01.09 14:23:44.091,1.33759,1.33786,1.12,1.76
2015.01.09 14:23:46.158,1.3376,1.33786,1.07,1.01
2015.01.09 14:23:47.262,1.3376,1.33786,1.07,1.01
2015.01.09 14:23:48.583,1.3376,1.33786,1.07,1.01
2015.01.09 14:23:55.120,1.3376,1.33786,1.07,1.76
2015.01.09 14:23:55.984,1.33759,1.33786,1.37,1.76
2015.01.09 14:23:56.610,1.3376,1.33787,1.12,1.64
2015.01.09 14:24:00.728,1.3376,1.33787,1.07,1.64
2015.01.09 14:24:01.944,1.3376,1.33787,1.07,1.64
2015.01.09 14:24:04.304,1.33759,1.33787,1.12,2.14
2015.01.09 14:24:06.452,1.33759,1.33787,1.12,2.14
2015.01.09 14:24:10.064,1.3376,1.33786,1.07,2.89
2015.01.09 14:24:11.012,1.33759,1.33786,1.07,1.69
2015.01.09 14:24:11.327,1.3376,1.33786,1.07,2.44
2015.01.09 14:24:11.941,1.3376,1.33786,1.07,2.14
2015.01.09 14:24:14.142,1.33759,1.33786,1.07,1.69
2015.01.09 14:24:14.650,1.33759,1.33786,1.12,1.64
2015.01.09 14:24:15.355,1.33759,1.33786,1.12,1.64
2015.01.09 14:24:16.675,1.33759,1.33785,1.12,1.64
2015.01.09 14:24:17.821,1.33759,1.33785,1.07,1.64
2015.01.09 14:24:19.278,1.33759,1.33783,1.12,1.19
2015.01.09 14:24:19.396,1.33759,1.33783,1.12,1.19
2015.01.09 14:24:20.456,1.3376,1.33786,1.07,1.64
2015.01.09 14:24:21.379,1.3376,1.33785,1.07,1.64
2015.01.09 14:24:21.795,1.3376,1.33785,1.00,1.64
2015.01.09 14:24:22.923,1.3376,1.33784,1.07,1.31
2015.01.09 14:24:25.166,1.3376,1.33783,1.00,1.56
2015.01.09 14:24:25.318,1.3376,1.33783,1.07,1.56
2015.01.09 14:24:31.587,1.3376,1.33785,1.10,2.14
2015.01.09 14:24:33.019,1.3376,1.33785,1.07,2.14
2015.01.09 14:24:33.548,1.3376,1.33785,1.07,2.14
2015.01.09 14:24:34.844,1.3376,1.33785,1.07,2.14
2015.01.09 14:24:35.310,1.3376,1.33785,1.07,2.14
2015.01.09 14:24:37.832,1.3376,1.33785,1.07,2.14
2015.01.09 14:24:42.313,1.3376,1.33785,1.07,2.14
2015.01.09 14:24:43.567,1.33759,1.33786,1.12,2.89
2015.01.09 14:24:44.520,1.33759,1.33786,1.12,2.89
2015.01.09 14:24:47.431,1.3376,1.33785,1.07,2.14
2015.01.09 14:24:48.832,1.3376,1.33785,1.07,2.14
2015.01.09 14:24:49.370,1.3376,1.33784,1.07,1.66
2015.01.09 14:24:49.936,1.33759,1.33786,1.07,3.19
2015.01.09 14:24:51.672,1.33759,1.33785,1.07,1.66
2015.01.09 14:24:52.637,1.33759,1.33785,1.07,1.66
2015.01.09 14:24:55.748,1.33759,1.33785,1.07,1.66
2015.01.09 14:24:56.107,1.33759,1.33785,1.10,1.64
2015.01.09 14:24:57.248,1.33759,1.33785,1.10,1.64
2015.01.09 14:24:57.505,1.3376,1.33783,1.07,1.31
2015.01.09 14:24:57.834,1.3376,1.33782,1.10,1.19
2015.01.09 14:24:58.540,1.3376,1.33783,1.07,1.31
2015.01.09 14:25:00.502,1.33761,1.33783,1.00,1.39
2015.01.09 14:25:02.347,1.33761,1.33783,1.07,1.31
2015.01.09 14:25:03.018,1.3376,1.33785,1.00,1.26
2015.01.09 14:25:03.544,1.33761,1.33783,1.47,1.69
2015.01.09 14:25:03.594,1.33761,1.33783,1.37,1.76
2015.01.09 14:25:04.154,1.3376,1.33784,1.07,1.19
2015.01.09 14:25:04.305,1.3376,1.33784,1.07,1.19
2015.01.09 14:25:04.649,1.33755,1.33782,1.37,1.56
2015.01.09 14:25:04.764,1.33755,1.33782,1.07,1.56
2015.01.09 14:25:05.678,1.33761,1.33783,1.00,1.69
2015.01.09 14:25:06.107,1.33755,1.33782,1.12,1.37
2015.01.09 14:25:06.158,1.3376,1.33783,1.00,1.01
2015.01.09 14:25:07.550,1.3376,1.33785,1.07,1.94
2015.01.09 14:25:11.939,1.33755,1.33782,1.50,1.66
2015.01.09 14:25:12.447,1.33755,1.33782,1.37,1.70
2015.01.09 14:25:12.978,1.33755,1.33782,1.50,1.39
2015.01.09 14:25:14.909,1.33755,1.33782,1.12,1.70
2015.01.09 14:25:15.110,1.33755,1.33782,1.50,1.66
2015.01.09 14:25:17.065,1.33749,1.33774,1.31,1.50
2015.01.09 14:25:17.422,1.33748,1.33774,1.56,2.44
2015.01.09 14:25:18.512,1.33747,1.33772,2.06,1.19
2015.01.09 14:25:20.901,1.33747,1.33768,1.69,1.19
2015.01.09 14:25:22.974,1.33747,1.33768,1.69,1.25
2015.01.09 14:25:25.739,1.33746,1.33768,1.31,1.19
2015.01.09 14:25:26.737,1.33746,1.33768,1.31,1.19
2015.01.09 14:25:27.840,1.33746,1.33768,1.31,1.00
2015.01.09 14:25:28.943,1.33746,1.33768,1.31,1.19
2015.01.09 14:25:30.987,1.33746,1.33768,1.31,1.25
2015.01.09 14:25:34.579,1.33745,1.33768,2.06,1.19
2015.01.09 14:25:34.904,1.33744,1.33767,1.56,1.29
2015.01.09 14:25:35.900,1.33743,1.33767,1.69,1.69
2015.01.09 14:25:36.620,1.33743,1.33767,1.69,1.50
2015.01.09 14:25:37.150,1.33743,1.33768,2.06,1.00
2015.01.09 14:25:39.920,1.33743,1.33768,2.06,1.69
2015.01.09 14:25:40.224,1.33744,1.33768,1.22,1.69
2015.01.09 14:25:41.034,1.33743,1.33768,1.69,1.19
2015.01.09 14:25:41.644,1.33743,1.33768,1.69,1.19
2015.01.09 14:25:42.394,1.33743,1.33768,1.50,1.19
2015.01.09 14:25:42.702,1.33738,1.33756,4.69,1.69
2015.01.09 14:25:42.752,1.33736,1.33756,1.19,1.76
2015.01.09 14:25:42.803,1.33745,1.33756,1.00,1.10
2015.01.09 14:25:42.904,1.33745,1.33762,1.00,2.62
2015.01.09 14:25:42.955,1.33745,1.33762,1.07,1.50
2015.01.09 14:25:43.006,1.33745,1.33768,1.26,1.19
2015.01.09 14:25:43.056,1.33745,1.33769,1.69,1.19
2015.01.09 14:25:43.359,1.3375,1.33768,1.69,1.00
2015.01.09 14:25:43.410,1.33747,1.33768,1.56,1.00
2015.01.09 14:25:43.940,1.33745,1.33768,2.06,1.00
2015.01.09 14:25:46.005,1.33745,1.33768,2.06,1.00
2015.01.09 14:25:48.352,1.33745,1.33768,2.06,1.00
2015.01.09 14:25:48.453,1.33746,1.33768,1.94,1.00
2015.01.09 14:25:49.549,1.33746,1.33768,1.94,1.00
2015.01.09 14:25:50.765,1.33747,1.33768,2.81,1.00
2015.01.09 14:25:58.630,1.33745,1.3376,1.12,1.00
2015.01.09 14:25:58.933,1.33744,1.33768,2.74,1.00
2015.01.09 14:26:00.489,1.33746,1.33768,1.31,1.00
2015.01.09 14:26:05.414,1.33745,1.33768,1.31,1.00
2015.01.09 14:26:08.048,1.33745,1.33768,1.31,1.00
2015.01.09 14:26:09.672,1.33745,1.33768,1.31,1.00
2015.01.09 14:26:10.582,1.33745,1.33768,1.31,1.00
2015.01.09 14:26:12.083,1.33745,1.33768,1.31,1.00
2015.01.09 14:26:29.906,1.33746,1.33768,1.37,1.00
2015.01.09 14:26:30.369,1.33746,1.33768,1.12,1.00
2015.01.09 14:26:43.416,1.33746,1.33772,1.12,1.56
2015.01.09 14:26:43.630,1.33748,1.33772,1.07,1.37
2015.01.09 14:26:45.336,1.33747,1.33774,2.25,1.87
2015.01.09 14:26:45.624,1.33747,1.33774,1.75,1.87
2015.01.09 14:26:47.515,1.33747,1.33774,1.94,2.06
2015.01.09 14:26:47.834,1.33747,1.33774,1.94,1.56
2015.01.09 14:26:50.042,1.33747,1.33773,2.44,1.56
2015.01.09 14:27:01.604,1.3375,1.33779,1.56,3.11
2015.01.09 14:27:02.371,1.33748,1.33779,2.06,3.11
2015.01.09 14:27:03.683,1.33752,1.33779,1.56,2.29
2015.01.09 14:27:05.556,1.33751,1.33779,1.69,2.29
2015.01.09 14:27:06.791,1.33753,1.33778,1.12,1.54
2015.01.09 14:27:09.889,1.33751,1.33778,1.69,1.56
2015.01.09 14:27:14.477,1.33753,1.3378,1.50,1.89
2015.01.09 14:27:14.858,1.33752,1.3378,1.12,1.79
2015.01.09 14:27:15.429,1.33751,1.3378,2.57,1.16
2015.01.09 14:27:15.938,1.33751,1.3378,2.57,1.16
2015.01.09 14:27:18.127,1.33751,1.33783,1.45,1.89
2015.01.09 14:27:19.090,1.33753,1.33785,2.00,2.51
2015.01.09 14:27:19.704,1.33754,1.33785,1.87,1.64
2015.01.09 14:27:20.229,1.33756,1.33785,1.50,1.64
2015.01.09 14:27:20.792,1.33758,1.33784,1.07,1.64
2015.01.09 14:27:21.949,1.33757,1.33785,1.50,1.45
2015.01.09 14:27:22.483,1.33757,1.33784,1.50,1.20
2015.01.09 14:27:23.652,1.33761,1.33784,1.00,1.25
2015.01.09 14:27:24.868,1.33758,1.33779,1.22,1.00
2015.01.09 14:27:25.020,1.33755,1.3378,2.00,1.00
2015.01.09 14:27:25.699,1.33755,1.33779,2.06,1.00
2015.01.09 14:27:27.298,1.33755,1.33779,1.94,1.69
2015.01.09 14:27:28.026,1.33755,1.33779,1.75,1.69
2015.01.09 14:27:28.328,1.33759,1.33779,1.07,1.00
2015.01.09 14:27:28.379,1.33759,1.33781,1.07,1.00
2015.01.09 14:27:28.480,1.3376,1.33784,1.07,1.00
2015.01.09 14:27:28.581,1.3376,1.33791,1.45,1.39
2015.01.09 14:27:28.682,1.33759,1.33791,2.70,1.39
2015.01.09 14:27:28.783,1.3376,1.33791,1.12,1.39
2015.01.09 14:27:29.319,1.33761,1.33794,1.31,1.56
2015.01.09 14:27:29.571,1.33757,1.33791,1.31,1.39
2015.01.09 14:27:30.116,1.33753,1.3379,1.50,1.26
2015.01.09 14:27:30.265,1.33754,1.3379,1.31,1.64
2015.01.09 14:27:31.362,1.33754,1.3379,1.31,1.64
2015.01.09 14:27:32.683,1.33756,1.33791,1.31,1.76
2015.01.09 14:27:34.173,1.33756,1.33785,1.31,1.00
2015.01.09 14:27:34.709,1.33756,1.33785,1.31,1.07
2015.01.09 14:27:35.094,1.33756,1.33785,1.31,1.39
2015.01.09 14:27:35.623,1.33755,1.33784,1.31,1.29
2015.01.09 14:27:37.401,1.33755,1.33786,1.31,1.64
2015.01.09 14:27:39.644,1.33751,1.33781,1.31,1.37
2015.01.09 14:27:39.795,1.33751,1.33781,1.31,1.66
2015.01.09 14:27:40.573,1.33751,1.33781,1.31,2.14
2015.01.09 14:27:42.810,1.33752,1.33778,1.56,1.19
2015.01.09 14:27:47.190,1.33752,1.33778,1.56,1.19
2015.01.09 14:27:48.320,1.33752,1.33778,1.56,1.19
2015.01.09 14:27:53.392,1.3375,1.33778,2.25,1.26
2015.01.09 14:27:53.712,1.3375,1.33778,2.25,1.26
2015.01.09 14:27:58.244,1.33751,1.33778,1.81,1.56
2015.01.09 14:28:00.432,1.33751,1.33778,1.81,1.56
2015.01.09 14:28:01.457,1.33751,1.33778,1.81,1.56
2015.01.09 14:28:07.066,1.3375,1.33778,1.13,1.66
2015.01.09 14:28:18.594,1.33751,1.33778,2.06,2.06
2015.01.09 14:28:20.011,1.33751,1.33778,1.56,2.06
2015.01.09 14:28:22.322,1.3375,1.33776,1.94,1.31
2015.01.09 14:28:22.823,1.3375,1.33776,2.00,1.31
2015.01.09 14:28:24.429,1.33751,1.33776,1.12,1.56
2015.01.09 14:28:25.426,1.33751,1.33775,1.12,1.56
2015.01.09 14:28:32.047,1.3375,1.33777,1.62,1.37
2015.01.09 14:28:32.263,1.3375,1.33778,2.00,1.62
2015.01.09 14:28:33.014,1.33751,1.33779,2.25,2.62
2015.01.09 14:28:33.065,1.33761,1.33782,1.00,2.44
2015.01.09 14:28:33.115,1.33761,1.33782,1.00,2.06
2015.01.09 14:28:33.820,1.33761,1.33786,1.00,1.79
2015.01.09 14:28:33.871,1.33761,1.33786,1.00,1.79
2015.01.09 14:28:33.972,1.33765,1.33789,1.00,1.16
2015.01.09 14:28:34.224,1.33756,1.33784,1.50,2.14
2015.01.09 14:28:34.971,1.33755,1.33785,1.50,1.64
2015.01.09 14:28:35.173,1.33755,1.33783,1.87,1.56
2015.01.09 14:28:36.471,1.33756,1.33782,1.50,1.19
2015.01.09 14:28:37.065,1.33756,1.33782,1.50,1.00
2015.01.09 14:28:37.570,1.3376,1.33786,1.07,1.69
2015.01.09 14:28:38.831,1.3376,1.33773,1.07,1.00
2015.01.09 14:28:40.092,1.33761,1.33777,1.00,1.00
2015.01.09 14:28:40.143,1.33756,1.33785,1.37,1.16
2015.01.09 14:28:41.153,1.33756,1.33782,1.37,1.37
2015.01.09 14:28:41.344,1.33756,1.33782,1.37,1.37
2015.01.09 14:28:41.913,1.33756,1.33782,1.12,1.56
2015.01.09 14:28:42.391,1.33755,1.33785,1.75,1.26
2015.01.09 14:28:42.593,1.33755,1.33784,1.87,1.70
2015.01.09 14:28:42.794,1.33752,1.3378,1.12,1.00
2015.01.09 14:28:43.335,1.33753,1.3378,1.12,1.00
2015.01.09 14:28:43.856,1.33753,1.33779,1.12,1.00
2015.01.09 14:28:44.366,1.33753,1.33778,1.12,1.00
2015.01.09 14:28:45.232,1.33752,1.33778,1.12,1.00
2015.01.09 14:28:53.456,1.33754,1.33778,1.12,1.00
2015.01.09 14:28:55.204,1.33752,1.33778,1.31,1.00
2015.01.09 14:28:57.102,1.33756,1.33778,1.22,1.00
2015.01.09 14:28:59.869,1.33752,1.33778,1.69,1.00
2015.01.09 14:29:02.111,1.33752,1.33779,1.69,1.20
2015.01.09 14:29:02.161,1.3376,1.33786,1.00,1.75
2015.01.09 14:29:02.263,1.33761,1.33789,1.00,1.25
2015.01.09 14:29:02.363,1.33756,1.33785,1.12,1.00
2015.01.09 14:29:03.377,1.33755,1.33785,2.25,1.07
2015.01.09 14:29:05.072,1.33755,1.33782,2.06,1.00
2015.01.09 14:29:05.374,1.3375,1.33775,1.31,1.12
2015.01.09 14:29:05.475,1.33761,1.33782,1.00,2.25
2015.01.09 14:29:05.526,1.3376,1.3379,1.00,1.10
2015.01.09 14:29:05.778,1.3376,1.3379,1.75,1.50
2015.01.09 14:29:06.038,1.3376,1.3379,1.45,1.20
2015.01.09 14:29:06.139,1.33756,1.33785,1.94,1.00
2015.01.09 14:29:06.442,1.3376,1.3379,1.10,1.26
2015.01.09 14:29:07.201,1.3376,1.3379,1.12,1.29
2015.01.09 14:29:08.953,1.33765,1.33792,1.00,1.07
2015.01.09 14:29:11.649,1.33761,1.33789,1.57,1.00
2015.01.09 14:29:11.750,1.33761,1.33788,1.47,1.50
2015.01.09 14:29:12.073,1.3376,1.33789,1.45,2.62
2015.01.09 14:29:13.470,1.3376,1.33788,1.39,2.06
2015.01.09 14:29:17.681,1.33761,1.33788,1.12,2.44
2015.01.09 14:29:18.881,1.33761,1.33788,1.00,2.44
2015.01.09 14:29:24.192,1.3376,1.33788,1.39,1.56
2015.01.09 14:29:25.227,1.3376,1.33788,1.39,1.94
2015.01.09 14:29:30.786,1.33761,1.33788,1.39,1.69
2015.01.09 14:29:32.625,1.33761,1.33788,1.76,1.69
2015.01.09 14:29:34.896,1.33761,1.33788,2.51,1.31
2015.01.09 14:29:39.045,1.33761,1.33788,1.01,1.50
2015.01.09 14:29:42.255,1.33761,1.33788,1.01,1.31
2015.01.09 14:29:43.369,1.33762,1.33788,1.25,1.69
2015.01.09 14:29:45.694,1.33761,1.33788,2.51,1.31
2015.01.09 14:29:52.191,1.33764,1.33788,1.47,1.26
2015.01.09 14:29:52.694,1.33764,1.33788,1.47,1.26
2015.01.09 14:29:54.127,1.33769,1.33788,1.00,1.07
2015.01.09 14:29:54.329,1.33769,1.33794,1.37,2.06
2015.01.09 14:29:54.833,1.33767,1.33794,1.57,1.62
2015.01.09 14:29:58.377,1.33768,1.33794,1.50,1.12
2015.01.09 14:30:01.481,1.33768,1.33794,1.50,1.12
2015.01.09 14:30:01.583,1.33768,1.33794,1.87,1.37
2015.01.09 14:30:01.869,1.33767,1.33795,1.10,1.50
2015.01.09 14:30:06.671,1.33766,1.33795,1.01,1.50
2015.01.09 14:30:10.401,1.33765,1.33795,2.14,1.50
2015.01.09 14:30:11.181,1.33765,1.33795,2.51,1.87
2015.01.09 14:30:11.384,1.33765,1.33795,1.26,1.50
2015.01.09 14:30:17.452,1.33765,1.33794,1.45,1.37
2015.01.09 14:30:18.535,1.33765,1.33795,1.32,1.87
2015.01.09 14:30:18.737,1.33765,1.33795,1.70,3.37
2015.01.09 14:30:20.825,1.33765,1.33793,1.45,1.56
2015.01.09 14:30:22.525,1.33765,1.33792,1.47,1.31
2015.01.09 14:30:23.394,1.33766,1.3379,1.37,1.07
2015.01.09 14:30:28.770,1.33766,1.33791,1.12,1.76
2015.01.09 14:30:33.538,1.33767,1.33791,1.00,1.76
2015.01.09 14:30:33.689,1.3377,1.33795,1.00,2.06
2015.01.09 14:30:34.222,1.33771,1.33792,1.00,1.31
2015.01.09 14:30:34.429,1.33767,1.33791,1.57,1.26
2015.01.09 14:30:35.855,1.33765,1.33792,1.47,1.76
2015.01.09 14:30:36.891,1.33766,1.33791,1.00,1.26
2015.01.09 14:30:37.500,1.33765,1.33792,1.10,2.14
2015.01.09 14:30:38.916,1.33766,1.33788,1.00,1.00
2015.01.09 14:30:42.205,1.33765,1.33792,1.10,2.14
2015.01.09 14:30:42.306,1.33766,1.33788,1.12,1.00
2015.01.09 14:30:44.518,1.33765,1.3379,1.10,1.29
2015.01.09 14:30:47.127,1.33765,1.33791,1.10,2.14
2015.01.09 14:30:47.629,1.33766,1.3379,1.00,1.29
2015.01.09 14:30:48.899,1.33765,1.33791,1.20,1.76
2015.01.09 14:30:49.405,1.33766,1.3379,1.00,1.29
2015.01.09 14:30:51.263,1.33765,1.33791,1.20,1.76
2015.01.09 14:30:51.782,1.33766,1.3379,1.00,1.76
2015.01.09 14:30:54.166,1.33766,1.33788,1.00,1.00
2015.01.09 14:30:54.724,1.33766,1.33788,1.00,1.19
2015.01.09 14:30:55.709,1.33765,1.33788,1.10,1.19
2015.01.09 14:30:56.258,1.33765,1.33788,1.10,1.19
2015.01.09 14:30:57.307,1.33766,1.33787,1.00,1.19
2015.01.09 14:30:58.075,1.33765,1.33786,1.10,1.25
2015.01.09 14:30:58.685,1.33766,1.33787,1.00,1.19
2015.01.09 14:31:00.272,1.33766,1.33787,1.00,1.19
2015.01.09 14:31:00.525,1.33761,1.33786,1.26,1.19
2015.01.09 14:31:01.333,1.33761,1.33787,1.10,1.26
2015.01.09 14:31:02.060,1.3376,1.33789,1.20,2.44
2015.01.09 14:31:02.262,1.3376,1.33789,1.20,3.19
2015.01.09 14:31:02.795,1.3376,1.33789,1.20,3.19
2015.01.09 14:31:03.629,1.33761,1.33787,1.26,1.31
2015.01.09 14:31:04.498,1.33761,1.33787,1.31,1.26
2015.01.09 14:31:06.910,1.33761,1.33788,1.69,1.64
2015.01.09 14:31:07.438,1.33761,1.33788,1.39,2.44
2015.01.09 14:31:09.426,1.3376,1.33788,1.69,1.69
2015.01.09 14:31:11.056,1.33761,1.33786,1.20,1.39
2015.01.09 14:31:11.107,1.33761,1.33786,1.12,1.39
2015.01.09 14:31:11.309,1.33756,1.33782,1.12,1.00
2015.01.09 14:31:11.813,1.33755,1.33783,1.62,1.39
2015.01.09 14:31:14.271,1.33756,1.33782,1.37,1.56
2015.01.09 14:31:14.784,1.33755,1.33782,1.75,1.56
2015.01.09 14:31:18.365,1.33756,1.3378,1.07,1.00
2015.01.09 14:31:18.907,1.33756,1.3378,1.12,1.00
2015.01.09 14:31:19.452,1.33756,1.3378,1.20,1.25
2015.01.09 14:31:22.126,1.33755,1.33781,1.37,1.69
2015.01.09 14:31:22.612,1.33755,1.3378,1.37,1.56
2015.01.09 14:31:23.081,1.33756,1.33778,1.12,1.19
2015.01.09 14:31:23.333,1.33751,1.33778,2.00,1.56
2015.01.09 14:31:23.949,1.33751,1.33779,1.69,3.64
2015.01.09 14:31:25.390,1.33751,1.3378,1.31,3.64
2015.01.09 14:31:27.917,1.33751,1.33775,2.06,1.00
2015.01.09 14:31:28.444,1.33751,1.33778,1.31,2.06
2015.01.09 14:31:29.018,1.33751,1.33778,2.06,1.56
2015.01.09 14:31:31.930,1.33751,1.33778,1.31,1.56
2015.01.09 14:31:34.621,1.33752,1.33778,1.56,1.19
2015.01.09 14:31:37.406,1.3375,1.33778,2.06,1.66
2015.01.09 14:31:39.455,1.33751,1.33778,1.37,2.51
2015.01.09 14:31:41.362,1.33751,1.33777,1.37,1.19
2015.01.09 14:31:49.196,1.3375,1.33776,2.00,1.19
2015.01.09 14:31:49.848,1.33751,1.33774,1.07,1.69
2015.01.09 14:31:50.150,1.33751,1.33772,1.10,2.06
2015.01.09 14:31:50.678,1.33751,1.33771,1.10,2.06
2015.01.09 14:31:52.881,1.33746,1.33766,1.00,1.56
2015.01.09 14:31:52.932,1.33741,1.33764,1.07,1.56
2015.01.09 14:31:53.134,1.33741,1.33764,1.00,1.66
2015.01.09 14:31:53.540,1.33741,1.33766,1.12,1.66
2015.01.09 14:31:54.572,1.3374,1.33767,1.26,2.14
2015.01.09 14:31:54.639,1.3374,1.33767,1.56,2.14
2015.01.09 14:31:55.465,1.3374,1.33767,1.62,2.14
2015.01.09 14:31:57.389,1.33746,1.33767,1.00,1.26
2015.01.09 14:31:57.692,1.33746,1.33772,1.26,1.39
2015.01.09 14:31:58.216,1.33746,1.3377,1.69,1.19
2015.01.09 14:31:58.423,1.33746,1.3377,1.19,1.56
2015.01.09 14:31:58.524,1.33746,1.3377,1.94,1.19
2015.01.09 14:32:04.638,1.33745,1.33768,2.81,1.19
2015.01.09 14:32:08.384,1.33746,1.33768,1.69,1.19
2015.01.09 14:32:10.695,1.33746,1.33768,1.69,1.19
2015.01.09 14:32:15.811,1.33747,1.33768,2.06,1.00
2015.01.09 14:32:15.861,1.33747,1.33772,2.06,1.20
2015.01.09 14:32:16.013,1.33751,1.33774,1.19,1.10
2015.01.09 14:32:16.807,1.3375,1.33774,1.56,1.00
2015.01.09 14:32:18.309,1.33751,1.33777,1.94,1.29
2015.01.09 14:32:24.816,1.33752,1.33778,1.31,1.32
2015.01.09 14:32:25.362,1.33752,1.33778,1.31,1.25
2015.01.09 14:32:26.149,1.33753,1.33778,1.26,1.25
2015.01.09 14:32:27.167,1.33753,1.33779,1.26,1.76
2015.01.09 14:32:29.533,1.33751,1.33779,1.56,2.89
2015.01.09 14:32:30.807,1.33751,1.33767,1.56,1.00
2015.01.09 14:32:30.959,1.33746,1.33767,2.44,1.19
2015.01.09 14:32:31.161,1.3375,1.33773,1.64,1.19
2015.01.09 14:32:31.675,1.33752,1.33777,1.26,1.07
2015.01.09 14:32:31.828,1.33751,1.3378,1.94,2.14
2015.01.09 14:32:35.477,1.33757,1.33778,1.57,1.00
2015.01.09 14:32:35.880,1.33757,1.33784,1.57,1.10
2015.01.09 14:32:36.032,1.33757,1.33784,1.87,1.07
2015.01.09 14:32:36.702,1.33757,1.33784,1.95,1.12
2015.01.09 14:32:36.997,1.33757,1.33784,2.25,1.07
2015.01.09 14:32:40.247,1.33756,1.3378,1.75,1.00
2015.01.09 14:32:41.387,1.33756,1.3378,1.45,1.10
2015.01.09 14:32:43.505,1.33755,1.33782,1.75,1.32
2015.01.09 14:32:47.286,1.33757,1.3378,1.57,1.00
2015.01.09 14:32:48.014,1.33757,1.33783,1.95,1.07
2015.01.09 14:32:50.367,1.33757,1.33769,1.57,1.50
2015.01.09 14:32:50.670,1.33746,1.33766,3.19,1.00
2015.01.09 14:32:50.822,1.33746,1.33769,3.94,1.87
2015.01.09 14:32:51.023,1.33755,1.33779,1.10,1.00
2015.01.09 14:32:51.074,1.33755,1.33779,1.12,1.00
2015.01.09 14:32:51.225,1.33752,1.33779,1.94,1.00
2015.01.09 14:32:51.815,1.33756,1.33778,1.37,1.00
2015.01.09 14:32:52.020,1.33754,1.33778,1.32,1.00
2015.01.09 14:33:02.348,1.3375,1.33777,1.58,1.19
2015.01.09 14:33:02.651,1.33748,1.33773,1.31,1.00
2015.01.09 14:33:03.478,1.33747,1.33773,2.81,1.19
2015.01.09 14:33:06.153,1.33747,1.33773,2.81,1.00
2015.01.09 14:33:07.621,1.33747,1.33773,2.44,1.00
2015.01.09 14:33:08.062,1.33747,1.33773,2.44,1.19
2015.01.09 14:33:10.342,1.33747,1.33774,2.44,1.29
2015.01.09 14:33:11.475,1.33747,1.33774,3.56,1.25
2015.01.09 14:33:12.479,1.33747,1.33774,3.56,1.19
2015.01.09 14:33:13.585,1.33749,1.33773,1.12,1.19
2015.01.09 14:33:15.335,1.33747,1.33774,3.56,1.19
2015.01.09 14:33:17.441,1.33748,1.33773,1.69,1.25
2015.01.09 14:33:19.831,1.33747,1.33773,2.81,1.19
2015.01.09 14:33:22.836,1.33747,1.33773,2.44,1.29
2015.01.09 14:33:28.933,1.33746,1.33773,4.31,1.76
2015.01.09 14:33:30.138,1.33748,1.33773,1.22,2.14
2015.01.09 14:33:33.470,1.33746,1.33773,3.56,2.14
2015.01.09 14:33:36.390,1.33746,1.33773,4.31,1.76
2015.01.09 14:33:39.314,1.33749,1.33773,1.26,1.57
2015.01.09 14:33:46.503,1.33747,1.33774,1.94,1.26
2015.01.09 14:33:49.411,1.33746,1.33774,3.56,1.26
2015.01.09 14:33:50.560,1.33746,1.33774,3.56,1.26
2015.01.09 14:33:53.270,1.33748,1.33774,1.22,1.26
2015.01.09 14:33:56.376,1.33746,1.33773,3.56,1.29
2015.01.09 14:34:03.763,1.33746,1.33769,3.77,1.19
2015.01.09 14:34:04.104,1.33746,1.33769,3.77,1.00
2015.01.09 14:34:04.406,1.33745,1.33769,1.33,1.87
2015.01.09 14:34:04.457,1.33741,1.33766,1.10,1.00
2015.01.09 14:34:04.558,1.33738,1.33765,1.22,1.12
2015.01.09 14:34:04.810,1.33737,1.33764,3.19,1.57
2015.01.09 14:34:05.129,1.33737,1.33763,2.89,1.12
2015.01.09 14:34:05.317,1.33737,1.33763,2.89,1.07
2015.01.09 14:34:05.669,1.33737,1.33763,2.89,1.26
2015.01.09 14:34:07.538,1.33737,1.33763,2.81,1.31
2015.01.09 14:34:07.590,1.33737,1.33763,2.89,1.26
2015.01.09 14:34:09.379,1.33741,1.33765,1.33,1.94
2015.01.09 14:34:09.682,1.33739,1.33765,2.06,1.57
2015.01.09 14:34:09.834,1.33737,1.33765,2.44,1.57
2015.01.09 14:34:10.046,1.33737,1.33765,2.44,1.57
2015.01.09 14:34:10.097,1.33738,1.33763,1.69,1.00
2015.01.09 14:34:10.939,1.33737,1.33762,1.69,1.00
2015.01.09 14:34:12.137,1.33737,1.33762,1.69,1.00
2015.01.09 14:34:12.660,1.33736,1.33763,3.19,1.01
2015.01.09 14:34:13.794,1.33736,1.33763,3.19,1.10
2015.01.09 14:34:14.046,1.33746,1.33768,1.50,1.00
2015.01.09 14:34:14.641,1.33746,1.33768,1.57,1.00
2015.01.09 14:34:14.897,1.33746,1.33768,1.76,1.19
2015.01.09 14:34:16.310,1.33746,1.33768,1.57,1.69
2015.01.09 14:34:16.411,1.33742,1.33768,1.87,1.76
2015.01.09 14:34:16.462,1.33737,1.33764,1.31,2.06
2015.01.09 14:34:16.563,1.33736,1.33761,3.19,1.50
2015.01.09 14:34:17.311,1.33736,1.33762,3.19,1.00
2015.01.09 14:34:17.846,1.33736,1.33764,3.19,2.89
2015.01.09 14:34:19.576,1.33747,1.33764,1.00,2.14
2015.01.09 14:34:19.728,1.33747,1.33768,1.26,2.44
2015.01.09 14:34:22.655,1.33747,1.33768,1.26,1.25
2015.01.09 14:34:23.729,1.33747,1.33767,1.26,1.00
2015.01.09 14:34:24.429,1.33747,1.33767,1.07,1.19
2015.01.09 14:34:25.228,1.33747,1.33768,1.12,1.69
2015.01.09 14:34:25.732,1.33747,1.33768,1.31,1.69
2015.01.09 14:34:29.588,1.33747,1.33768,1.31,1.69
2015.01.09 14:34:30.966,1.33747,1.33768,1.31,1.69
2015.01.09 14:34:31.507,1.33747,1.33768,1.19,1.69
2015.01.09 14:34:33.868,1.33746,1.33768,1.26,1.50
2015.01.09 14:34:35.835,1.33746,1.33768,1.26,1.50
2015.01.09 14:34:36.743,1.33746,1.33768,1.26,1.19
2015.01.09 14:34:42.481,1.33746,1.33768,1.26,2.44
2015.01.09 14:34:45.708,1.33746,1.33768,1.26,1.19
2015.01.09 14:34:59.563,1.33746,1.33768,1.26,2.44
2015.01.09 14:35:01.051,1.33746,1.33768,1.26,2.44
2015.01.09 14:35:02.042,1.33746,1.33768,1.26,2.44
2015.01.09 14:35:03.381,1.33746,1.33768,1.26,1.69
2015.01.09 14:35:04.845,1.33746,1.33765,1.26,1.69
2015.01.09 14:35:06.548,1.33746,1.33766,1.26,1.19
2015.01.09 14:35:07.382,1.33746,1.33766,1.26,1.19
2015.01.09 14:35:12.572,1.33746,1.33766,1.26,1.19
2015.01.09 14:35:16.206,1.33746,1.33768,1.26,1.31
2015.01.09 14:35:16.514,1.33746,1.33768,1.31,1.31
2015.01.09 14:35:21.633,1.33746,1.33768,1.31,1.31
2015.01.09 14:35:39.975,1.33746,1.33767,1.31,1.19
2015.01.09 14:35:42.111,1.33746,1.33769,1.31,1.19
2015.01.09 14:35:43.184,1.33746,1.33769,1.31,1.69
2015.01.09 14:35:45.207,1.33746,1.33768,1.69,1.19
2015.01.09 14:35:46.835,1.33744,1.33767,1.94,1.19
2015.01.09 14:35:48.726,1.33744,1.33768,1.94,1.69
2015.01.09 14:35:52.148,1.33744,1.33767,1.94,1.69
2015.01.09 14:35:52.921,1.33744,1.33767,2.00,1.69
2015.01.09 14:35:58.541,1.33744,1.33765,1.94,1.19
2015.01.09 14:35:58.643,1.33744,1.33765,1.69,1.19
2015.01.09 14:36:00.547,1.33744,1.33766,1.31,1.69
2015.01.09 14:36:01.048,1.33744,1.33766,1.12,1.69
2015.01.09 14:36:02.246,1.33741,1.33763,1.94,1.69
2015.01.09 14:36:02.770,1.33741,1.33762,1.94,1.19
2015.01.09 14:36:03.065,1.33742,1.33763,1.62,1.19
2015.01.09 14:36:03.606,1.3374,1.33763,2.44,1.69
2015.01.09 14:36:03.808,1.33736,1.33758,1.26,1.19
2015.01.09 14:36:04.111,1.33735,1.33757,1.19,1.26
2015.01.09 14:36:05.167,1.33732,1.33755,1.29,1.76
2015.01.09 14:36:07.641,1.33734,1.33755,1.19,1.76
2015.01.09 14:36:09.587,1.33734,1.33753,1.00,1.76
2015.01.09 14:36:09.982,1.33725,1.33749,1.19,1.26
2015.01.09 14:36:10.789,1.33724,1.33748,1.66,1.29
2015.01.09 14:36:12.699,1.33726,1.33748,1.19,1.26
2015.01.09 14:36:16.110,1.33726,1.33748,1.19,1.26
2015.01.09 14:36:17.598,1.33726,1.33749,1.31,1.26
2015.01.09 14:36:25.878,1.33726,1.33749,1.39,1.26
2015.01.09 14:36:28.852,1.3373,1.33748,1.19,1.29
2015.01.09 14:36:30.476,1.33729,1.33748,1.29,1.19
2015.01.09 14:36:31.459,1.33726,1.33748,1.31,1.26
2015.01.09 14:36:35.866,1.33726,1.33749,1.31,1.31
2015.01.09 14:36:36.409,1.33726,1.33749,1.31,1.31
2015.01.09 14:36:37.683,1.33726,1.33749,1.31,1.31
2015.01.09 14:36:40.814,1.33726,1.33748,1.19,1.26
2015.01.09 14:36:42.101,1.33726,1.33748,1.19,1.26
2015.01.09 14:36:52.531,1.33726,1.33747,1.25,1.26
2015.01.09 14:36:53.060,1.33726,1.33747,1.19,1.26
2015.01.09 14:36:55.787,1.33726,1.33747,1.00,1.26
2015.01.09 14:36:58.323,1.33726,1.33747,1.19,1.26
2015.01.09 14:37:01.072,1.33726,1.33748,1.19,1.26
2015.01.09 14:37:02.176,1.33726,1.33748,1.19,1.26
2015.01.09 14:37:03.682,1.33726,1.33748,1.19,1.26
2015.01.09 14:37:16.320,1.33726,1.33747,1.19,1.26
2015.01.09 14:37:19.247,1.33726,1.33747,1.19,2.51
2015.01.09 14:37:21.136,1.33726,1.33748,1.19,1.76
2015.01.09 14:37:22.260,1.33726,1.33748,1.19,1.26
2015.01.09 14:37:23.245,1.33726,1.33748,1.19,1.26
2015.01.09 14:37:24.450,1.33726,1.33748,1.19,1.26
2015.01.09 14:37:25.456,1.33726,1.33749,1.19,1.31
2015.01.09 14:37:26.578,1.33726,1.33749,1.19,1.26
2015.01.09 14:37:27.098,1.33729,1.33748,1.56,1.07
2015.01.09 14:37:27.300,1.33731,1.33753,1.31,2.06
2015.01.09 14:37:28.706,1.33729,1.33749,1.26,1.25
2015.01.09 14:37:28.813,1.33727,1.33748,1.56,1.07
2015.01.09 14:37:29.342,1.33724,1.33748,2.89,1.07
2015.01.09 14:37:29.905,1.33727,1.33748,1.56,1.26
2015.01.09 14:37:33.927,1.33731,1.33752,1.69,1.26
2015.01.09 14:37:34.239,1.33729,1.33748,1.19,1.25
2015.01.09 14:37:34.762,1.33724,1.33748,1.56,1.32
2015.01.09 14:37:35.204,1.33724,1.33748,2.06,1.26
2015.01.09 14:37:36.332,1.33726,1.33748,1.31,1.26
2015.01.09 14:37:37.629,1.33726,1.33748,1.31,1.26
2015.01.09 14:37:38.706,1.33726,1.33748,1.31,1.26
2015.01.09 14:37:41.012,1.33726,1.33749,1.31,1.26
2015.01.09 14:37:42.251,1.33726,1.33748,1.31,1.26
2015.01.09 14:37:43.802,1.33726,1.33748,1.19,1.69
2015.01.09 14:37:44.346,1.33726,1.33748,1.19,1.31
2015.01.09 14:37:45.045,1.33726,1.33748,1.19,1.31
2015.01.09 14:37:46.128,1.33726,1.33749,1.19,1.69
2015.01.09 14:37:47.036,1.33726,1.33749,1.19,1.69
2015.01.09 14:37:47.339,1.3373,1.33754,1.56,3.19
2015.01.09 14:37:48.889,1.33733,1.33754,1.19,3.19
2015.01.09 14:37:51.544,1.33734,1.33754,1.19,3.19
2015.01.09 14:37:53.852,1.33734,1.33754,1.19,2.81
2015.01.09 14:38:12.374,1.33737,1.33754,1.19,1.87
2015.01.09 14:38:12.525,1.33737,1.33756,2.06,1.25
2015.01.09 14:38:13.545,1.33738,1.33756,1.69,1.00
2015.01.09 14:38:15.831,1.33738,1.33756,1.94,1.00
2015.01.09 14:38:16.385,1.33738,1.33756,1.56,1.00
2015.01.09 14:38:18.928,1.33739,1.33754,1.00,1.39
2015.01.09 14:38:18.978,1.33729,1.33749,2.06,1.00
2015.01.09 14:38:19.394,1.33728,1.33749,1.29,1.00
2015.01.09 14:38:20.366,1.33725,1.33749,1.31,1.00
2015.01.09 14:38:20.906,1.33726,1.33748,1.19,1.00
2015.01.09 14:38:21.896,1.33726,1.33748,1.19,1.00
2015.01.09 14:38:26.485,1.33726,1.33748,1.26,1.00
2015.01.09 14:38:27.637,1.33726,1.33749,1.26,1.10
2015.01.09 14:38:28.093,1.33726,1.33749,1.26,1.29
2015.01.09 14:38:29.144,1.3373,1.33749,2.06,1.29
2015.01.09 14:38:31.202,1.33735,1.33753,1.00,1.76
2015.01.09 14:38:31.518,1.33735,1.33753,1.19,1.76
2015.01.09 14:38:40.433,1.33735,1.33753,1.19,1.29
2015.01.09 14:38:48.779,1.33735,1.33753,1.19,1.76
2015.01.09 14:38:52.611,1.33735,1.33754,1.19,1.01
2015.01.09 14:38:52.663,1.33741,1.33764,2.81,1.94
2015.01.09 14:38:52.764,1.33741,1.33764,2.89,1.29
2015.01.09 14:38:52.989,1.33741,1.33764,4.31,1.19
2015.01.09 14:38:53.707,1.33741,1.33764,4.31,1.19
2015.01.09 14:38:54.317,1.33742,1.33763,1.62,1.19
2015.01.09 14:38:54.520,1.33737,1.33761,3.19,1.00
2015.01.09 14:38:54.621,1.33742,1.33765,1.19,2.44
2015.01.09 14:38:55.257,1.33742,1.33765,2.44,1.19
2015.01.09 14:38:55.720,1.33742,1.33765,2.44,1.19
2015.01.09 14:38:56.131,1.33745,1.33763,1.07,1.19
2015.01.09 14:38:56.283,1.33739,1.33763,1.29,2.14
2015.01.09 14:38:56.333,1.33739,1.3376,1.29,1.00
2015.01.09 14:38:58.113,1.33744,1.33763,1.10,1.37
2015.01.09 14:38:58.265,1.33736,1.33762,2.81,1.19
2015.01.09 14:38:58.795,1.33736,1.33762,1.39,1.31
2015.01.09 14:38:59.333,1.33736,1.33762,1.39,1.26
2015.01.09 14:38:59.434,1.33742,1.33765,1.26,2.51
2015.01.09 14:39:00.381,1.33742,1.33765,1.56,1.76
2015.01.09 14:39:01.122,1.33741,1.33764,2.06,1.19
2015.01.09 14:39:01.224,1.33738,1.33763,1.39,1.31
2015.01.09 14:39:01.325,1.33738,1.33762,1.39,1.26
2015.01.09 14:39:01.618,1.33736,1.33762,3.64,1.26
2015.01.09 14:39:03.328,1.33741,1.33762,1.19,1.32
2015.01.09 14:39:03.530,1.33742,1.33764,1.31,1.19
2015.01.09 14:39:03.844,1.33742,1.33764,1.69,1.19
2015.01.09 14:39:04.341,1.33742,1.33764,1.69,1.19
2015.01.09 14:39:04.879,1.33742,1.33765,1.69,1.00
2015.01.09 14:39:04.981,1.33742,1.33765,1.26,1.00
2015.01.09 14:39:05.486,1.33742,1.33765,1.26,1.00
2015.01.09 14:39:05.945,1.33742,1.33765,1.26,1.00
2015.01.09 14:39:08.277,1.33742,1.33765,1.29,1.00
2015.01.09 14:39:09.563,1.33742,1.33765,1.29,1.00
2015.01.09 14:39:10.134,1.33741,1.33769,1.31,2.44
2015.01.09 14:39:10.662,1.3374,1.3377,1.56,2.06
2015.01.09 14:39:13.892,1.3374,1.33769,1.56,1.31
2015.01.09 14:39:21.810,1.3374,1.3377,1.66,3.94
2015.01.09 14:39:22.113,1.33746,1.33772,2.06,2.00
2015.01.09 14:39:22.214,1.33751,1.33772,1.19,1.31
2015.01.09 14:39:23.313,1.3375,1.33775,1.56,1.69
2015.01.09 14:39:24.793,1.3375,1.33776,1.37,1.31
2015.01.09 14:39:24.945,1.33745,1.33775,1.07,1.50
2015.01.09 14:39:25.572,1.33745,1.33774,1.37,2.25
2015.01.09 14:39:27.140,1.33746,1.33771,1.12,1.07
2015.01.09 14:39:32.720,1.33745,1.33773,1.31,1.69
2015.01.09 14:39:36.881,1.33745,1.33773,1.56,1.37
2015.01.09 14:39:38.531,1.33745,1.33773,1.56,1.75
2015.01.09 14:39:38.834,1.33745,1.33773,1.25,1.75
2015.01.09 14:39:40.181,1.33745,1.33773,1.00,1.50
2015.01.09 14:39:42.122,1.33746,1.33773,1.87,1.07
2015.01.09 14:39:42.448,1.33751,1.33776,1.31,1.56
2015.01.09 14:39:44.357,1.33751,1.33776,1.31,1.56
2015.01.09 14:39:45.656,1.33748,1.33775,1.78,1.60
2015.01.09 14:39:45.707,1.33742,1.33771,2.08,1.45
2015.01.09 14:39:45.808,1.33737,1.33771,2.83,1.45
2015.01.09 14:39:48.182,1.33737,1.33772,2.83,1.70
2015.01.09 14:39:48.955,1.33737,1.3377,2.83,1.20
2015.01.09 14:39:53.917,1.33737,1.33772,2.46,1.45
2015.01.09 14:39:55.625,1.33737,1.3377,2.83,1.10
2015.01.09 14:39:59.309,1.33741,1.33769,1.03,1.00
2015.01.09 14:40:00.403,1.33737,1.33771,2.46,1.07
2015.01.09 14:40:01.051,1.33737,1.33771,2.46,1.07
2015.01.09 14:40:03.579,1.33737,1.33769,2.46,1.50
2015.01.09 14:40:04.364,1.33737,1.33769,2.46,1.50
2015.01.09 14:40:05.458,1.33738,1.33772,1.33,1.95
2015.01.09 14:40:05.568,1.33738,1.33772,1.33,1.95
2015.01.09 14:40:06.117,1.33737,1.33771,3.96,1.07
2015.01.09 14:40:10.848,1.33737,1.33771,3.96,1.07
2015.01.09 14:40:11.456,1.3374,1.3377,1.03,1.07
2015.01.09 14:40:11.985,1.33741,1.33772,1.33,2.06
2015.01.09 14:40:13.029,1.33739,1.33769,1.33,1.10
2015.01.09 14:40:18.991,1.33739,1.33771,1.33,1.07
2015.01.09 14:40:20.750,1.33742,1.33772,1.29,1.95
2015.01.09 14:40:21.492,1.33739,1.33772,1.33,2.25
2015.01.09 14:40:23.563,1.33739,1.3377,1.33,1.07
2015.01.09 14:40:26.589,1.33738,1.33769,1.71,1.00
2015.01.09 14:40:27.109,1.33738,1.3377,1.71,1.20
2015.01.09 14:40:30.214,1.33742,1.33771,1.03,1.45
2015.01.09 14:40:30.713,1.33742,1.33771,1.40,1.07
2015.01.09 14:40:31.015,1.33743,1.33766,1.37,1.10
2015.01.09 14:40:31.217,1.33741,1.33766,1.26,1.10
2015.01.09 14:40:31.318,1.33741,1.33766,1.29,1.12
2015.01.09 14:40:32.025,1.33741,1.33766,1.66,1.12
2015.01.09 14:40:32.341,1.33741,1.33766,1.39,1.31
2015.01.09 14:40:35.792,1.33741,1.33767,1.39,1.07
2015.01.09 14:40:39.275,1.33742,1.33767,1.29,1.12
2015.01.09 14:40:39.326,1.33742,1.33767,1.29,1.12
2015.01.09 14:40:40.564,1.33742,1.33767,1.29,1.07
2015.01.09 14:40:41.474,1.33742,1.33767,1.66,1.07
2015.01.09 14:40:43.053,1.33742,1.33766,1.87,1.07
2015.01.09 14:40:45.243,1.33741,1.33767,1.29,1.07
2015.01.09 14:40:46.364,1.33741,1.33767,1.29,1.26
2015.01.09 14:40:49.172,1.33741,1.33766,2.14,1.32
2015.01.09 14:40:49.224,1.33741,1.33766,2.14,1.31
2015.01.09 14:40:49.747,1.33741,1.33766,2.14,1.12
2015.01.09 14:40:51.941,1.33741,1.33766,1.66,1.31
2015.01.09 14:40:57.865,1.3374,1.33766,1.64,1.12
2015.01.09 14:41:00.182,1.33739,1.33766,1.64,1.22
2015.01.09 14:41:01.178,1.33738,1.33768,3.02,1.94
2015.01.09 14:41:05.119,1.33739,1.33766,1.64,1.22
2015.01.09 14:41:08.519,1.33739,1.33766,1.22,1.69
2015.01.09 14:41:10.157,1.33739,1.33766,1.03,1.94
2015.01.09 14:41:13.014,1.33738,1.33764,1.22,1.62
2015.01.09 14:41:13.285,1.33738,1.33766,1.48,1.69
2015.01.09 14:41:13.925,1.33738,1.33767,1.22,1.94
2015.01.09 14:41:15.257,1.3374,1.33767,1.31,1.94
2015.01.09 14:41:15.832,1.3374,1.33767,1.39,1.69
2015.01.09 14:41:19.200,1.33738,1.33765,2.14,1.22
2015.01.09 14:41:20.318,1.33739,1.33767,1.64,1.94
2015.01.09 14:41:21.486,1.33739,1.33766,1.64,1.69
2015.01.09 14:41:22.588,1.33738,1.33768,1.69,2.44
2015.01.09 14:41:25.406,1.33738,1.33768,1.64,2.44
2015.01.09 14:41:35.177,1.33739,1.33765,1.56,1.12
2015.01.09 14:41:35.502,1.33733,1.33755,1.26,1.26
2015.01.09 14:41:36.100,1.33733,1.33755,1.26,1.26
2015.01.09 14:41:42.334,1.33734,1.33755,1.29,1.26
2015.01.09 14:41:47.637,1.33734,1.33755,1.19,1.26
2015.01.09 14:41:52.853,1.33734,1.33755,1.19,1.26
2015.01.09 14:41:54.454,1.33734,1.33755,1.19,1.26
2015.01.09 14:41:55.499,1.33734,1.33755,1.94,1.19
2015.01.09 14:41:55.600,1.33734,1.33755,1.94,1.25
2015.01.09 14:42:00.389,1.33734,1.33755,1.94,1.00
2015.01.09 14:42:05.241,1.33734,1.33755,2.44,1.00
2015.01.09 14:42:06.320,1.33734,1.33755,2.44,1.00
2015.01.09 14:42:23.611,1.33736,1.33755,1.31,1.00
2015.01.09 14:42:23.662,1.3374,1.33763,1.37,2.00
2015.01.09 14:42:23.813,1.3374,1.33766,1.47,1.26
2015.01.09 14:42:23.914,1.3374,1.33766,1.69,1.26
2015.01.09 14:42:24.222,1.33741,1.33768,2.44,1.39
2015.01.09 14:42:24.966,1.33741,1.33768,2.44,1.39
2015.01.09 14:42:27.211,1.3374,1.33769,2.06,1.64
2015.01.09 14:42:33.451,1.33741,1.33769,1.56,1.64
2015.01.09 14:42:34.227,1.3374,1.3377,1.94,2.89
2015.01.09 14:42:34.536,1.33741,1.33767,1.69,1.19
2015.01.09 14:42:35.516,1.33741,1.33768,1.69,1.39
2015.01.09 14:42:40.023,1.33741,1.33769,1.69,3.94
2015.01.09 14:42:51.600,1.3374,1.33768,1.64,1.39
2015.01.09 14:42:54.051,1.33741,1.33768,1.39,1.64
2015.01.09 14:42:55.313,1.33741,1.33766,1.39,1.39
2015.01.09 14:42:56.679,1.3374,1.33764,1.69,1.69
2015.01.09 14:42:58.644,1.3374,1.33764,1.64,1.76
2015.01.09 14:42:59.213,1.33741,1.33764,1.32,1.69
2015.01.09 14:43:00.091,1.33741,1.33764,1.26,1.69
2015.01.09 14:43:00.872,1.3374,1.33764,1.20,2.44
2015.01.09 14:43:00.974,1.3374,1.33763,1.07,1.37
2015.01.09 14:43:01.176,1.3374,1.33764,1.20,2.51
2015.01.09 14:43:01.712,1.3374,1.33764,1.12,2.51
2015.01.09 14:43:02.232,1.33741,1.33762,1.00,1.25
2015.01.09 14:43:05.367,1.3374,1.33762,1.20,1.19
2015.01.09 14:43:06.638,1.33741,1.3376,1.00,1.19
2015.01.09 14:43:07.595,1.33741,1.3376,1.00,1.19
2015.01.09 14:43:08.576,1.3374,1.3376,1.00,1.19
2015.01.09 14:43:09.123,1.3374,1.3376,1.10,1.19
2015.01.09 14:43:10.055,1.33741,1.3376,1.00,1.69
2015.01.09 14:43:10.207,1.33741,1.3376,1.00,1.69
2015.01.09 14:43:10.785,1.3374,1.3376,1.00,1.19
2015.01.09 14:43:11.304,1.33737,1.3376,1.57,1.00
2015.01.09 14:43:11.810,1.33737,1.33761,1.57,1.50
2015.01.09 14:43:11.962,1.33737,1.33759,1.57,1.00
2015.01.09 14:43:12.742,1.33737,1.33759,1.57,1.00
2015.01.09 14:43:14.070,1.33737,1.33759,1.50,1.00
2015.01.09 14:43:15.153,1.33737,1.33759,1.57,1.00
2015.01.09 14:43:16.854,1.33737,1.3376,1.57,1.39
2015.01.09 14:43:17.464,1.33737,1.3376,1.57,1.31
2015.01.09 14:43:18.124,1.33737,1.33759,1.57,1.10
2015.01.09 14:43:25.182,1.33737,1.33759,1.10,1.19
2015.01.09 14:43:29.114,1.33735,1.33759,1.07,1.19
2015.01.09 14:43:37.089,1.33737,1.33759,1.10,1.00
2015.01.09 14:43:37.625,1.33737,1.3376,1.10,1.25
2015.01.09 14:43:38.173,1.33737,1.3376,1.26,1.00
2015.01.09 14:43:38.891,1.33737,1.33761,1.26,1.00
2015.01.09 14:43:39.899,1.33737,1.33762,1.26,2.14
2015.01.09 14:43:41.003,1.33737,1.33762,1.32,1.39
2015.01.09 14:43:41.532,1.33737,1.3376,1.32,1.00
2015.01.09 14:43:42.068,1.33737,1.33762,1.32,1.39
2015.01.09 14:43:42.616,1.33737,1.3376,1.32,1.00
2015.01.09 14:43:53.219,1.33737,1.33763,1.32,2.14
2015.01.09 14:43:54.427,1.33737,1.33763,1.01,2.44
2015.01.09 14:43:55.309,1.33737,1.33761,1.07,1.29
2015.01.09 14:43:55.532,1.33737,1.33762,1.10,1.39
2015.01.09 14:43:58.072,1.33737,1.3376,1.20,1.25
2015.01.09 14:43:58.655,1.33737,1.33759,1.20,1.25
2015.01.09 14:44:00.023,1.33737,1.33758,1.20,1.00
2015.01.09 14:44:01.403,1.33737,1.33759,1.20,1.25
2015.01.09 14:44:03.425,1.33737,1.33761,1.10,1.39
2015.01.09 14:44:04.180,1.33737,1.33761,1.47,1.29
2015.01.09 14:44:06.378,1.33737,1.33761,1.10,1.66
2015.01.09 14:44:07.614,1.33737,1.33762,1.20,1.39
2015.01.09 14:44:08.157,1.33737,1.33762,1.20,1.39
2015.01.09 14:44:12.823,1.33737,1.33762,1.20,1.39
2015.01.09 14:44:15.048,1.33737,1.33763,1.64,1.57
2015.01.09 14:44:15.351,1.33746,1.33763,1.19,1.50
2015.01.09 14:44:15.521,1.33746,1.33765,1.19,1.00
2015.01.09 14:44:17.300,1.33746,1.33768,1.19,1.29
2015.01.09 14:44:17.808,1.33746,1.33769,1.69,1.26
2015.01.09 14:44:18.155,1.33741,1.33769,2.06,1.39
2015.01.09 14:44:18.256,1.33739,1.33763,2.06,1.00
2015.01.09 14:44:18.559,1.33738,1.33763,1.69,1.10
2015.01.09 14:44:19.220,1.33737,1.33763,1.64,1.07
2015.01.09 14:44:23.041,1.33737,1.33763,1.64,1.07
2015.01.09 14:44:24.274,1.33737,1.33764,1.69,3.64
2015.01.09 14:44:25.362,1.33737,1.33764,1.39,3.94
2015.01.09 14:44:27.268,1.33737,1.33764,1.64,3.56
2015.01.09 14:44:28.574,1.33742,1.33763,1.19,1.57
2015.01.09 14:44:28.776,1.33745,1.33768,1.19,1.26
2015.01.09 14:44:29.583,1.33745,1.33769,1.26,1.26
2015.01.09 14:44:29.917,1.33745,1.33768,1.26,1.29
2015.01.09 14:44:32.832,1.33743,1.33764,1.31,1.00
2015.01.09 14:44:32.882,1.33737,1.33764,1.69,1.10
2015.01.09 14:44:33.193,1.33737,1.33764,1.69,1.10
2015.01.09 14:44:33.395,1.33737,1.33764,2.14,1.12
2015.01.09 14:44:35.179,1.33737,1.33763,2.44,1.57
2015.01.09 14:44:36.336,1.33737,1.33763,2.14,1.57
2015.01.09 14:44:37.112,1.33737,1.33763,2.14,1.57
2015.01.09 14:44:37.656,1.33737,1.33763,2.44,1.57
2015.01.09 14:44:41.102,1.33737,1.33763,1.64,1.57
2015.01.09 14:44:41.152,1.33737,1.33763,1.64,1.57
2015.01.09 14:44:41.838,1.33737,1.33763,1.64,1.57
2015.01.09 14:44:42.804,1.33742,1.33769,1.95,1.26
2015.01.09 14:44:43.151,1.33744,1.33769,1.39,1.26
2015.01.09 14:44:43.712,1.33744,1.33769,2.14,1.26
2015.01.09 14:44:45.658,1.33742,1.33764,1.50,1.00
2015.01.09 14:44:45.809,1.33739,1.33764,1.31,1.00
2015.01.09 14:44:45.911,1.33737,1.33764,1.31,1.10
2015.01.09 14:44:46.436,1.33736,1.33764,2.44,1.10
2015.01.09 14:44:48.372,1.33736,1.33764,1.94,1.07
2015.01.09 14:44:48.931,1.33736,1.33764,2.44,2.51
2015.01.09 14:44:49.958,1.33736,1.33764,2.44,2.32
2015.01.09 14:44:50.109,1.33736,1.33764,2.44,2.32
2015.01.09 14:44:51.141,1.33736,1.33764,2.44,2.51
2015.01.09 14:44:51.330,1.33736,1.33764,2.44,2.81
2015.01.09 14:44:51.407,1.33736,1.33764,2.44,2.51
2015.01.09 14:44:52.412,1.33736,1.33764,2.14,2.51
2015.01.09 14:44:54.180,1.33736,1.33764,2.14,2.32
2015.01.09 14:44:55.817,1.33736,1.33764,3.19,2.32
2015.01.09 14:44:56.120,1.33746,1.33769,1.25,1.31
2015.01.09 14:44:56.681,1.33746,1.33768,1.32,1.19
2015.01.09 14:44:57.333,1.33746,1.33768,1.26,1.19
2015.01.09 14:44:59.105,1.33746,1.33768,1.76,1.19
2015.01.09 14:45:05.422,1.33746,1.33769,1.76,1.26
2015.01.09 14:45:06.402,1.33746,1.33768,1.76,1.29
2015.01.09 14:45:08.817,1.33746,1.33768,2.89,1.19
2015.01.09 14:45:11.162,1.33746,1.33768,2.89,1.19
2015.01.09 14:45:13.571,1.33746,1.33768,2.89,1.19
2015.01.09 14:45:14.101,1.33746,1.33768,2.89,1.25
2015.01.09 14:45:15.388,1.33748,1.33769,1.39,1.00
2015.01.09 14:45:15.928,1.33749,1.33772,1.26,2.32
2015.01.09 14:45:16.515,1.3375,1.33771,1.95,1.00
2015.01.09 14:45:18.970,1.33749,1.33771,1.29,1.10
2015.01.09 14:45:20.296,1.33749,1.33772,1.29,1.07
2015.01.09 14:45:23.189,1.33747,1.33772,3.00,1.00
2015.01.09 14:45:23.693,1.33748,1.33771,1.39,1.00
2015.01.09 14:45:24.198,1.33748,1.33772,1.39,1.00
2015.01.09 14:45:25.385,1.33748,1.33772,1.39,1.00
2015.01.09 14:45:26.639,1.33748,1.33771,1.39,1.00
2015.01.09 14:45:29.401,1.3375,1.33771,1.57,1.00
2015.01.09 14:45:30.591,1.33749,1.33772,1.82,1.00
2015.01.09 14:45:32.296,1.33752,1.33771,2.62,1.00
2015.01.09 14:45:32.865,1.33752,1.33772,2.06,1.10
2015.01.09 14:45:34.667,1.33752,1.33772,1.87,1.10
2015.01.09 14:45:39.871,1.33753,1.33772,1.19,1.10
2015.01.09 14:45:40.224,1.33752,1.33778,1.66,1.26
2015.01.09 14:45:40.730,1.33756,1.33783,2.14,1.56
2015.01.09 14:45:41.389,1.33755,1.33784,2.14,3.19
2015.01.09 14:45:45.283,1.33756,1.33784,1.64,3.94
2015.01.09 14:45:46.604,1.33756,1.33784,1.64,3.94
2015.01.09 14:45:47.594,1.33756,1.33784,1.64,3.94
2015.01.09 14:45:52.111,1.33756,1.33783,2.14,1.39
2015.01.09 14:45:53.798,1.33756,1.33775,1.39,1.00
2015.01.09 14:45:54.051,1.33754,1.33775,1.31,1.00
2015.01.09 14:45:54.152,1.33761,1.33782,1.31,1.26
2015.01.09 14:45:54.354,1.33758,1.3378,2.62,1.56
2015.01.09 14:45:54.455,1.33752,1.33779,1.50,1.70
2015.01.09 14:45:54.656,1.33757,1.33779,1.32,1.19
2015.01.09 14:45:55.620,1.33757,1.33783,1.26,1.69
2015.01.09 14:45:57.827,1.33757,1.33783,1.26,1.69
2015.01.09 14:46:05.496,1.33757,1.33783,1.29,2.06
2015.01.09 14:46:08.388,1.33757,1.33782,1.29,1.31
2015.01.09 14:46:09.108,1.33757,1.33782,1.10,1.69
2015.01.09 14:46:09.210,1.33751,1.3378,1.56,1.31
2015.01.09 14:46:09.311,1.3375,1.33779,1.39,1.56
2015.01.09 14:46:09.888,1.3375,1.33779,1.69,1.56
2015.01.09 14:46:14.489,1.33749,1.33779,1.64,2.44
2015.01.09 14:46:15.550,1.33749,1.33778,1.69,1.26
2015.01.09 14:46:17.597,1.3375,1.33776,1.39,1.76
2015.01.09 14:46:22.047,1.3375,1.33778,1.64,2.06
2015.01.09 14:46:25.535,1.33749,1.33779,1.64,3.56
2015.01.09 14:46:25.585,1.33756,1.33779,1.00,3.56
2015.01.09 14:46:25.888,1.33761,1.33783,3.37,3.19
2015.01.09 14:46:26.392,1.33761,1.33783,3.37,2.81
2015.01.09 14:46:26.858,1.33761,1.33783,2.14,2.51
2015.01.09 14:46:28.233,1.33762,1.33783,1.31,2.51
2015.01.09 14:46:28.658,1.33765,1.33783,1.00,2.51
2015.01.09 14:46:31.318,1.33765,1.33783,1.00,3.94
2015.01.09 14:46:31.620,1.33749,1.33779,1.64,2.06
2015.01.09 14:46:32.825,1.33749,1.3378,1.69,2.06
2015.01.09 14:46:33.819,1.33749,1.3378,1.39,2.44
2015.01.09 14:46:33.999,1.33749,1.3378,1.39,2.44
2015.01.09 14:46:36.387,1.33749,1.3378,1.39,1.69
2015.01.09 14:46:47.503,1.3375,1.33779,2.44,1.69
2015.01.09 14:46:50.861,1.33756,1.33782,1.00,1.31
2015.01.09 14:46:51.230,1.33756,1.33783,1.07,3.19
2015.01.09 14:46:51.904,1.33756,1.33783,1.26,3.19
2015.01.09 14:46:53.324,1.33756,1.33783,1.76,3.56
2015.01.09 14:46:53.626,1.3375,1.33779,1.69,1.69
2015.01.09 14:46:54.420,1.3375,1.33779,1.69,1.69
2015.01.09 14:46:56.953,1.33749,1.3378,1.64,4.31
2015.01.09 14:46:58.934,1.3375,1.33779,1.64,3.19
2015.01.09 14:47:00.261,1.3375,1.33779,1.64,3.19
