2015.09.25 06:00:02.202,1.42407,1.42439,1.00,1.50
2015.09.25 06:00:02.620,1.42409,1.42439,1.00,1.00
2015.09.25 06:00:02.948,1.42412,1.42439,1.00,1.12
2015.09.25 06:00:04.152,1.42409,1.42439,1.00,1.00
2015.09.25 06:00:04.871,1.42408,1.42439,1.00,1.12
2015.09.25 06:00:05.954,1.42407,1.42439,1.50,1.87
2015.09.25 06:00:06.592,1.42408,1.42439,1.00,1.12
2015.09.25 06:00:07.950,1.42409,1.42439,1.00,1.12
2015.09.25 06:00:09.974,1.42412,1.42439,1.00,1.12
2015.09.25 06:00:11.872,1.42413,1.42439,1.00,1.12
2015.09.25 06:00:13.164,1.42415,1.42439,1.00,1.12
2015.09.25 06:00:14.264,1.42414,1.42439,1.00,1.12
2015.09.25 06:00:21.206,1.42414,1.4244,1.00,1.00
2015.09.25 06:00:21.963,1.42415,1.4244,1.00,1.00
2015.09.25 06:00:24.276,1.42417,1.4244,1.00,1.00
2015.09.25 06:00:26.695,1.42416,1.4244,1.00,1.00
2015.09.25 06:00:28.361,1.42415,1.4244,1.00,1.00
2015.09.25 06:00:28.828,1.42413,1.4244,1.00,1.00
2015.09.25 06:00:29.885,1.42413,1.42441,1.00,1.50
2015.09.25 06:00:30.655,1.42415,1.42441,1.00,1.50
2015.09.25 06:00:34.393,1.42413,1.42441,1.00,1.50
2015.09.25 06:00:41.015,1.42412,1.42441,1.00,1.50
2015.09.25 06:00:42.144,1.42412,1.42438,1.00,1.00
2015.09.25 06:00:42.245,1.42409,1.42438,2.62,2.25
2015.09.25 06:00:42.722,1.42409,1.42432,1.00,1.00
2015.09.25 06:00:43.433,1.42411,1.42431,1.00,1.00
2015.09.25 06:00:43.635,1.42411,1.42437,1.00,1.50
2015.09.25 06:00:44.397,1.4241,1.42437,1.50,1.00
2015.09.25 06:00:45.113,1.42411,1.42437,1.50,1.00
2015.09.25 06:00:50.129,1.42412,1.42437,1.00,1.00
2015.09.25 06:00:51.114,1.42416,1.42437,1.00,1.00
2015.09.25 06:00:52.000,1.42414,1.42434,1.00,1.00
2015.09.25 06:00:52.934,1.42414,1.42432,1.00,1.00
2015.09.25 06:00:54.707,1.42414,1.42436,1.00,1.00
2015.09.25 06:00:54.758,1.42414,1.42438,1.00,1.50
2015.09.25 06:00:55.586,1.42413,1.42438,1.00,1.50
2015.09.25 06:00:58.787,1.42418,1.42441,1.00,1.00
2015.09.25 06:01:04.566,1.42418,1.42444,1.00,1.00
2015.09.25 06:01:04.688,1.42422,1.42446,1.00,1.50
2015.09.25 06:01:04.992,1.4243,1.42456,1.00,1.37
2015.09.25 06:01:05.144,1.4243,1.42456,1.00,1.00
2015.09.25 06:01:05.196,1.42433,1.42458,1.00,1.00
2015.09.25 06:01:05.297,1.42433,1.42461,1.00,1.00
2015.09.25 06:01:05.928,1.4244,1.42472,1.00,1.50
2015.09.25 06:01:06.180,1.42438,1.42474,1.50,1.00
2015.09.25 06:01:06.332,1.42444,1.42475,1.00,1.00
2015.09.25 06:01:06.383,1.4245,1.42484,1.00,1.00
2015.09.25 06:01:06.886,1.4245,1.4248,1.00,1.00
2015.09.25 06:01:07.569,1.42453,1.4248,1.00,1.00
2015.09.25 06:01:07.885,1.42453,1.42475,1.00,1.00
2015.09.25 06:01:07.935,1.4245,1.42475,1.00,1.00
2015.09.25 06:01:08.919,1.4245,1.42474,1.00,1.00
2015.09.25 06:01:10.293,1.42448,1.42474,1.00,1.00
2015.09.25 06:01:12.852,1.42449,1.42474,1.00,1.00
2015.09.25 06:01:14.054,1.4245,1.42474,1.00,1.00
2015.09.25 06:01:15.312,1.42445,1.42474,1.50,1.00
2015.09.25 06:01:16.610,1.42446,1.42474,1.00,1.00
2015.09.25 06:01:18.611,1.42447,1.42474,1.00,1.00
2015.09.25 06:01:19.887,1.42448,1.42474,1.00,1.00
2015.09.25 06:01:26.001,1.42447,1.42474,1.00,1.00
2015.09.25 06:01:27.364,1.42446,1.42474,1.00,1.00
2015.09.25 06:01:32.446,1.42448,1.42474,1.00,1.00
2015.09.25 06:01:34.066,1.42448,1.42473,1.00,1.00
2015.09.25 06:01:37.416,1.42449,1.42473,1.00,1.00
2015.09.25 06:01:38.584,1.42447,1.42473,1.00,1.00
2015.09.25 06:01:40.683,1.42447,1.42474,1.00,1.00
2015.09.25 06:01:41.225,1.42446,1.42474,1.00,1.00
2015.09.25 06:01:42.433,1.42447,1.42474,1.00,1.00
2015.09.25 06:01:45.081,1.42448,1.42474,1.00,1.00
2015.09.25 06:01:46.173,1.42447,1.42474,1.00,1.00
2015.09.25 06:01:47.384,1.42449,1.42474,1.00,1.00
2015.09.25 06:01:51.674,1.42448,1.42474,1.00,1.00
2015.09.25 06:01:53.620,1.42448,1.42473,1.00,1.00
2015.09.25 06:01:53.670,1.42446,1.42473,1.00,1.00
2015.09.25 06:01:55.055,1.42445,1.42473,1.00,1.00
2015.09.25 06:01:56.073,1.42447,1.42473,1.00,1.00
2015.09.25 06:01:59.814,1.42444,1.42473,1.10,1.00
2015.09.25 06:02:00.465,1.42447,1.42473,1.00,1.00
2015.09.25 06:02:01.243,1.42446,1.42473,1.00,1.00
2015.09.25 06:02:02.504,1.42444,1.42473,1.10,1.00
2015.09.25 06:02:04.685,1.42438,1.42469,1.75,1.00
2015.09.25 06:02:04.787,1.42436,1.42469,1.00,1.00
2015.09.25 06:02:04.994,1.42434,1.42466,1.00,1.00
2015.09.25 06:02:05.424,1.42429,1.42465,1.50,1.00
2015.09.25 06:02:05.666,1.42432,1.42466,1.00,1.00
2015.09.25 06:02:06.189,1.42427,1.42461,1.50,1.00
2015.09.25 06:02:07.184,1.42428,1.4246,1.00,1.00
2015.09.25 06:02:08.404,1.4243,1.42459,1.00,1.00
2015.09.25 06:02:09.531,1.4243,1.42458,1.00,1.00
2015.09.25 06:02:10.000,1.42428,1.42458,1.00,1.00
2015.09.25 06:02:10.703,1.42429,1.4246,1.00,1.00
2015.09.25 06:02:11.491,1.42429,1.42459,1.00,1.00
2015.09.25 06:02:12.004,1.42428,1.42458,1.00,1.00
2015.09.25 06:02:13.124,1.42427,1.42457,1.00,1.00
2015.09.25 06:02:14.333,1.42429,1.42457,1.00,1.00
2015.09.25 06:02:15.744,1.42428,1.42459,1.50,1.00
2015.09.25 06:02:16.683,1.42429,1.4246,1.00,1.00
2015.09.25 06:02:17.432,1.42432,1.42462,1.00,1.00
2015.09.25 06:02:20.088,1.4243,1.42462,1.50,1.00
2015.09.25 06:02:21.164,1.4243,1.42461,1.50,1.00
2015.09.25 06:02:22.410,1.42431,1.42462,1.00,1.00
2015.09.25 06:02:23.630,1.4243,1.42459,1.00,1.00
2015.09.25 06:02:25.342,1.42428,1.42459,1.00,1.00
2015.09.25 06:02:29.083,1.42429,1.42459,1.00,1.00
2015.09.25 06:02:36.777,1.42428,1.42458,1.00,1.00
2015.09.25 06:02:37.425,1.42427,1.42457,1.00,1.00
2015.09.25 06:02:41.183,1.42425,1.42457,2.32,1.00
2015.09.25 06:02:41.791,1.42425,1.42456,1.10,1.00
2015.09.25 06:02:47.469,1.42425,1.42455,1.57,1.00
2015.09.25 06:02:49.872,1.42425,1.42454,1.10,1.00
2015.09.25 06:02:58.342,1.42425,1.42455,1.00,1.00
2015.09.25 06:03:00.788,1.42425,1.42454,1.00,1.00
2015.09.25 06:03:04.917,1.42423,1.42454,1.12,1.00
2015.09.25 06:03:05.102,1.42424,1.42452,1.10,1.00
2015.09.25 06:03:10.553,1.42424,1.42453,1.10,1.00
2015.09.25 06:03:23.973,1.42423,1.42454,1.12,1.00
2015.09.25 06:03:27.686,1.42424,1.42453,1.10,1.00
2015.09.25 06:03:32.687,1.42423,1.42454,1.87,1.00
2015.09.25 06:03:33.762,1.42423,1.42453,1.12,1.00
2015.09.25 06:03:34.770,1.42425,1.42453,1.00,1.00
2015.09.25 06:03:39.617,1.42425,1.42455,1.50,1.00
2015.09.25 06:03:43.222,1.42425,1.42456,1.50,1.00
2015.09.25 06:03:54.991,1.42426,1.42456,1.00,1.00
2015.09.25 06:03:58.440,1.42426,1.42455,1.00,1.00
2015.09.25 06:03:59.991,1.42424,1.42453,1.12,1.00
2015.09.25 06:04:02.032,1.42424,1.42452,1.12,1.00
2015.09.25 06:04:05.993,1.42424,1.4245,1.12,1.00
2015.09.25 06:04:07.202,1.42424,1.42449,1.12,1.00
2015.09.25 06:04:14.143,1.42424,1.42451,1.12,1.00
2015.09.25 06:04:16.878,1.42424,1.4245,1.12,1.00
2015.09.25 06:04:32.182,1.42424,1.42451,1.12,1.00
2015.09.25 06:04:33.667,1.42424,1.42453,1.87,1.00
2015.09.25 06:04:39.589,1.42424,1.42454,1.87,1.00
2015.09.25 06:04:41.616,1.42424,1.42453,1.87,1.00
2015.09.25 06:04:42.412,1.42424,1.42451,1.12,1.00
2015.09.25 06:04:44.509,1.42424,1.4245,1.12,1.00
2015.09.25 06:04:46.922,1.42424,1.42452,1.12,1.00
2015.09.25 06:04:58.032,1.42423,1.42451,2.25,1.00
2015.09.25 06:05:00.123,1.42423,1.42452,2.25,1.00
2015.09.25 06:05:04.868,1.42424,1.42452,1.10,1.00
2015.09.25 06:05:06.625,1.42425,1.42454,1.00,1.50
2015.09.25 06:05:13.211,1.42425,1.42453,1.00,1.00
2015.09.25 06:05:14.769,1.42423,1.42454,1.87,1.50
2015.09.25 06:05:15.036,1.42423,1.42445,1.87,1.00
2015.09.25 06:05:15.357,1.42421,1.42439,1.00,1.00
2015.09.25 06:05:15.458,1.42411,1.42439,1.10,1.50
2015.09.25 06:05:16.252,1.42411,1.42438,1.10,1.00
2015.09.25 06:05:16.916,1.42412,1.42437,1.00,1.00
2015.09.25 06:05:26.908,1.42411,1.42438,1.10,1.50
2015.09.25 06:05:32.780,1.4241,1.4243,1.12,1.00
2015.09.25 06:05:33.488,1.42385,1.42417,1.00,1.00
2015.09.25 06:05:33.690,1.4238,1.42412,1.00,1.00
2015.09.25 06:05:34.199,1.42381,1.42412,1.00,1.00
2015.09.25 06:05:34.901,1.42381,1.42413,1.00,1.00
2015.09.25 06:05:36.090,1.42385,1.42413,1.00,1.00
2015.09.25 06:05:39.207,1.42384,1.42415,1.00,1.00
2015.09.25 06:05:39.611,1.42387,1.42424,1.00,1.50
2015.09.25 06:05:40.164,1.4239,1.42424,1.00,1.00
2015.09.25 06:05:40.315,1.4239,1.42431,1.00,1.00
2015.09.25 06:05:40.720,1.42392,1.42431,1.00,1.00
2015.09.25 06:05:41.242,1.42396,1.42433,1.00,1.00
2015.09.25 06:05:41.561,1.42399,1.42433,1.00,1.00
2015.09.25 06:05:41.768,1.42396,1.42433,2.25,1.00
2015.09.25 06:05:41.819,1.42396,1.42435,1.00,1.00
2015.09.25 06:05:44.536,1.42396,1.42432,1.00,1.00
2015.09.25 06:05:44.842,1.42394,1.42429,1.00,1.00
2015.09.25 06:05:45.193,1.42393,1.42424,1.00,1.00
2015.09.25 06:05:45.964,1.42393,1.42423,1.00,1.00
2015.09.25 06:05:46.573,1.42394,1.42417,1.00,1.00
2015.09.25 06:06:10.988,1.42394,1.42418,1.00,1.00
2015.09.25 06:06:11.759,1.42393,1.42418,1.00,1.00
2015.09.25 06:06:21.489,1.42394,1.42418,1.00,1.50
2015.09.25 06:07:03.080,1.42393,1.42418,1.00,1.00
2015.09.25 06:07:11.579,1.42394,1.42418,1.00,1.00
2015.09.25 06:07:14.739,1.42393,1.42418,1.50,1.00
2015.09.25 06:07:24.627,1.42393,1.42417,1.50,1.00
2015.09.25 06:07:24.728,1.42393,1.42424,1.50,1.50
2015.09.25 06:07:25.780,1.42396,1.42424,1.00,1.00
2015.09.25 06:07:26.319,1.42393,1.42424,1.50,1.00
2015.09.25 06:07:27.501,1.42395,1.42424,1.00,1.00
2015.09.25 06:07:34.622,1.42395,1.42423,1.00,1.00
2015.09.25 06:07:39.756,1.42395,1.42421,1.00,1.00
2015.09.25 06:07:40.453,1.42394,1.42417,1.00,1.00
2015.09.25 06:07:44.190,1.42393,1.42417,1.00,1.00
2015.09.25 06:07:55.950,1.42393,1.42422,1.00,1.00
2015.09.25 06:07:57.031,1.42394,1.42424,1.00,1.00
2015.09.25 06:07:58.630,1.42395,1.42424,1.00,1.00
2015.09.25 06:07:59.961,1.42399,1.42425,1.00,1.00
2015.09.25 06:08:00.619,1.42419,1.42438,1.00,1.00
2015.09.25 06:08:00.671,1.42419,1.42451,1.00,1.00
2015.09.25 06:08:00.722,1.42419,1.42457,1.00,1.12
2015.09.25 06:08:00.874,1.42417,1.42456,1.00,1.50
2015.09.25 06:08:00.925,1.42426,1.42456,1.00,1.00
2015.09.25 06:08:01.136,1.42424,1.42455,1.00,1.00
2015.09.25 06:08:02.253,1.42424,1.42452,1.00,1.00
2015.09.25 06:08:06.932,1.42429,1.42452,1.00,1.00
2015.09.25 06:08:07.135,1.42428,1.42462,1.00,1.50
2015.09.25 06:08:07.236,1.42435,1.42462,1.00,1.50
2015.09.25 06:08:07.288,1.42435,1.42468,1.00,2.25
2015.09.25 06:08:07.339,1.42444,1.42468,1.00,1.00
2015.09.25 06:08:07.391,1.42441,1.42473,1.00,1.00
2015.09.25 06:08:07.442,1.42437,1.42473,1.00,1.50
2015.09.25 06:08:08.173,1.42445,1.42494,1.00,1.00
2015.09.25 06:08:08.724,1.42449,1.42493,1.00,1.00
2015.09.25 06:08:09.315,1.42449,1.42494,1.00,1.50
2015.09.25 06:08:10.457,1.42452,1.42494,1.00,1.00
2015.09.25 06:08:10.773,1.42463,1.425,1.00,1.00
2015.09.25 06:08:11.276,1.42461,1.42501,1.00,1.00
2015.09.25 06:08:11.733,1.42461,1.42497,1.00,1.00
2015.09.25 06:08:12.708,1.42462,1.42497,1.00,1.00
2015.09.25 06:08:17.397,1.42463,1.42498,1.00,1.00
2015.09.25 06:08:17.498,1.42461,1.42498,1.00,1.00
2015.09.25 06:08:17.692,1.42464,1.42497,1.00,1.00
2015.09.25 06:08:20.909,1.42462,1.42498,1.00,1.00
2015.09.25 06:08:21.461,1.42462,1.42497,1.00,1.00
2015.09.25 06:08:21.966,1.42464,1.42498,1.00,1.00
2015.09.25 06:08:22.207,1.42462,1.42498,1.00,1.00
2015.09.25 06:08:22.309,1.4246,1.42498,1.00,1.00
2015.09.25 06:08:22.819,1.42463,1.42497,1.00,1.00
2015.09.25 06:08:26.019,1.42465,1.42497,1.00,1.00
2015.09.25 06:08:26.700,1.42465,1.42498,1.00,1.00
2015.09.25 06:09:35.417,1.42464,1.42498,1.00,2.25
2015.09.25 06:09:46.630,1.42464,1.42497,1.00,1.00
2015.09.25 06:09:56.278,1.4246,1.42497,1.00,1.00
2015.09.25 06:10:06.995,1.4246,1.42498,1.00,2.25
2015.09.25 06:10:16.985,1.4246,1.42497,1.00,1.00
2015.09.25 06:10:27.314,1.4246,1.42498,1.00,3.00
2015.09.25 06:10:33.990,1.42461,1.42497,1.00,1.00
2015.09.25 06:10:34.158,1.42463,1.42497,1.00,1.00
2015.09.25 06:10:36.148,1.42465,1.42497,1.00,1.00
2015.09.25 06:10:36.478,1.42465,1.42501,1.00,1.00
2015.09.25 06:10:37.606,1.42464,1.42501,1.00,1.00
2015.09.25 06:10:39.749,1.42475,1.42508,1.00,1.00
2015.09.25 06:10:40.143,1.42475,1.42511,1.00,1.00
2015.09.25 06:10:40.694,1.42474,1.42511,1.00,1.00
2015.09.25 06:10:45.537,1.4248,1.42513,1.00,1.00
2015.09.25 06:10:45.879,1.4249,1.42519,1.00,1.75
2015.09.25 06:10:48.392,1.42493,1.42518,1.00,1.75
2015.09.25 06:10:49.132,1.4249,1.42515,1.00,1.10
2015.09.25 06:10:49.233,1.42482,1.42514,1.50,1.00
2015.09.25 06:10:49.387,1.42482,1.42518,1.00,2.25
2015.09.25 06:10:50.315,1.42481,1.42516,1.22,1.12
2015.09.25 06:10:50.416,1.42484,1.42516,1.00,1.12
2015.09.25 06:10:56.597,1.42482,1.42516,1.30,1.12
2015.09.25 06:10:56.648,1.4249,1.42517,1.00,1.50
2015.09.25 06:10:56.750,1.4249,1.42523,1.00,1.00
2015.09.25 06:10:57.054,1.42492,1.42523,1.00,1.00
2015.09.25 06:10:57.105,1.42494,1.4253,1.00,1.75
2015.09.25 06:10:57.206,1.42492,1.42533,1.00,1.00
2015.09.25 06:10:57.257,1.42492,1.42536,1.00,1.00
2015.09.25 06:10:57.308,1.42494,1.42536,1.00,1.00
2015.09.25 06:10:57.611,1.42506,1.42546,1.00,1.00
2015.09.25 06:10:58.336,1.42509,1.42547,1.00,1.00
2015.09.25 06:10:58.868,1.4251,1.42547,1.00,1.00
2015.09.25 06:11:12.031,1.4251,1.42538,1.00,1.00
2015.09.25 06:11:12.378,1.42513,1.42538,1.00,1.00
2015.09.25 06:11:13.143,1.42512,1.42539,1.00,1.00
2015.09.25 06:11:13.701,1.42511,1.42539,1.00,1.00
2015.09.25 06:11:13.802,1.42508,1.42543,1.00,1.00
2015.09.25 06:11:13.953,1.425,1.42543,1.00,1.00
2015.09.25 06:11:14.004,1.42498,1.42543,1.50,1.00
2015.09.25 06:11:14.105,1.42496,1.42542,1.00,1.00
2015.09.25 06:11:14.156,1.42498,1.42542,1.00,1.00
2015.09.25 06:11:14.358,1.42492,1.42542,1.00,1.00
2015.09.25 06:11:14.610,1.4249,1.4254,1.00,1.00
2015.09.25 06:11:14.661,1.42488,1.4254,1.00,1.00
2015.09.25 06:11:15.600,1.4249,1.4254,1.00,1.00
2015.09.25 06:11:15.659,1.42487,1.4254,1.50,1.00
2015.09.25 06:11:20.367,1.42487,1.42539,1.00,1.00
2015.09.25 06:11:20.418,1.42485,1.42538,1.05,1.00
2015.09.25 06:11:23.190,1.42482,1.42537,1.00,1.00
2015.09.25 06:11:24.704,1.42483,1.42536,1.00,1.00
2015.09.25 06:11:25.395,1.42482,1.42535,1.00,1.00
2015.09.25 06:11:25.547,1.42483,1.42533,1.00,1.00
2015.09.25 06:11:26.089,1.42483,1.42532,1.00,1.00
2015.09.25 06:11:26.741,1.42483,1.42525,1.50,1.00
2015.09.25 06:11:29.164,1.42484,1.42525,1.00,1.00
2015.09.25 06:11:39.204,1.42483,1.42525,1.50,1.00
2015.09.25 06:11:49.531,1.42484,1.42525,1.00,1.00
2015.09.25 06:11:53.915,1.42484,1.42526,1.00,1.00
2015.09.25 06:11:54.819,1.42485,1.42524,1.00,1.00
2015.09.25 06:12:02.459,1.42479,1.42515,2.21,1.00
2015.09.25 06:12:02.794,1.42485,1.42515,1.00,1.00
2015.09.25 06:12:03.214,1.42483,1.4251,1.00,1.00
2015.09.25 06:12:09.657,1.42485,1.4251,1.00,1.00
2015.09.25 06:12:23.687,1.42485,1.42509,1.00,1.00
2015.09.25 06:12:24.686,1.42484,1.42509,1.00,1.00
2015.09.25 06:12:33.976,1.42484,1.4251,1.00,1.00
2015.09.25 06:12:40.630,1.42486,1.4251,1.00,1.00
2015.09.25 06:12:44.298,1.42486,1.42509,1.00,1.00
2015.09.25 06:12:54.798,1.42486,1.4251,1.00,1.00
2015.09.25 06:13:01.022,1.42484,1.4251,1.00,1.00
2015.09.25 06:13:04.411,1.42482,1.4251,1.00,1.00
2015.09.25 06:13:04.633,1.4248,1.4251,1.00,1.00
2015.09.25 06:13:05.247,1.42477,1.4251,1.64,1.00
2015.09.25 06:13:05.788,1.42477,1.42509,1.64,1.00
2015.09.25 06:13:13.388,1.42476,1.42508,1.64,1.00
2015.09.25 06:13:16.286,1.42473,1.42502,1.09,1.00
2015.09.25 06:13:17.000,1.42472,1.42502,1.97,1.00
2015.09.25 06:13:28.506,1.42472,1.42502,1.97,1.00
2015.09.25 06:13:36.396,1.42472,1.425,1.97,1.00
2015.09.25 06:13:46.398,1.42472,1.42501,1.97,1.00
2015.09.25 06:14:07.639,1.42472,1.425,3.52,1.00
2015.09.25 06:14:09.549,1.42471,1.425,2.40,1.00
2015.09.25 06:14:17.492,1.42471,1.42502,2.40,1.00
2015.09.25 06:14:27.995,1.42471,1.42501,2.40,1.00
2015.09.25 06:14:38.495,1.42471,1.42502,1.97,1.00
2015.09.25 06:14:39.383,1.42471,1.42503,1.97,1.00
2015.09.25 06:14:40.784,1.42471,1.42503,1.97,1.00
2015.09.25 06:14:49.532,1.42472,1.42502,1.35,1.00
2015.09.25 06:14:50.257,1.42472,1.42502,2.85,1.00
2015.09.25 06:15:00.190,1.42472,1.42502,2.47,1.00
2015.09.25 06:15:00.754,1.42471,1.42501,1.97,1.00
2015.09.25 06:15:12.087,1.42473,1.425,1.35,1.00
2015.09.25 06:15:14.068,1.42476,1.42504,1.22,1.00
2015.09.25 06:15:14.859,1.42479,1.42504,1.60,1.00
2015.09.25 06:15:15.375,1.42479,1.42505,1.60,1.00
2015.09.25 06:15:15.476,1.42481,1.42505,1.37,1.00
2015.09.25 06:15:21.575,1.42482,1.42509,1.37,1.00
2015.09.25 06:15:22.817,1.42482,1.4251,1.12,1.00
2015.09.25 06:15:23.462,1.42482,1.4251,1.37,1.00
2015.09.25 06:15:30.297,1.42482,1.4251,1.12,1.00
2015.09.25 06:15:37.324,1.42482,1.4251,1.37,1.50
2015.09.25 06:15:38.546,1.42482,1.4251,1.12,1.50
2015.09.25 06:15:52.650,1.42483,1.42515,1.50,1.00
2015.09.25 06:15:52.752,1.42484,1.42515,1.87,1.12
2015.09.25 06:15:53.739,1.42484,1.42517,1.37,1.87
2015.09.25 06:16:07.073,1.42491,1.42514,1.12,1.00
2015.09.25 06:16:11.233,1.42485,1.42514,1.50,1.50
2015.09.25 06:16:17.209,1.42491,1.42514,1.12,1.00
2015.09.25 06:16:18.400,1.42482,1.4251,1.30,1.00
2015.09.25 06:16:18.615,1.42482,1.42506,1.30,1.00
2015.09.25 06:16:20.408,1.42483,1.42506,1.30,1.00
2015.09.25 06:16:29.831,1.42482,1.42506,1.87,1.00
2015.09.25 06:16:35.695,1.42482,1.42505,1.87,1.00
2015.09.25 06:16:36.148,1.42482,1.42505,1.12,1.00
2015.09.25 06:16:36.200,1.42482,1.42505,1.00,1.00
2015.09.25 06:16:36.301,1.42482,1.42505,1.37,1.00
2015.09.25 06:16:36.485,1.42482,1.42505,1.00,1.00
2015.09.25 06:16:37.035,1.42482,1.42505,1.37,1.00
2015.09.25 06:16:37.185,1.42482,1.42505,1.00,1.00
2015.09.25 06:16:37.993,1.42482,1.42508,1.00,1.50
2015.09.25 06:16:41.573,1.42482,1.42507,1.12,1.00
2015.09.25 06:16:42.624,1.42482,1.42507,1.50,1.00
2015.09.25 06:16:43.061,1.4249,1.42514,1.00,1.00
2015.09.25 06:16:43.426,1.4249,1.42512,1.00,1.00
2015.09.25 06:16:48.552,1.4249,1.42513,1.00,1.00
2015.09.25 06:16:53.661,1.4249,1.42514,1.00,1.00
2015.09.25 06:16:53.812,1.42486,1.42514,1.00,1.00
2015.09.25 06:16:54.640,1.42486,1.4251,1.00,1.00
2015.09.25 06:17:04.296,1.42487,1.4251,1.00,1.00
2015.09.25 06:17:04.898,1.42487,1.42511,1.00,1.00
2015.09.25 06:17:24.787,1.42488,1.42511,1.00,1.00
2015.09.25 06:17:34.889,1.42487,1.42511,1.00,1.00
2015.09.25 06:17:45.403,1.42486,1.42511,1.00,1.00
2015.09.25 06:17:55.896,1.42487,1.42511,1.00,1.00
2015.09.25 06:18:00.421,1.42488,1.42511,1.00,1.00
2015.09.25 06:18:00.471,1.42488,1.42515,1.00,1.10
2015.09.25 06:18:01.037,1.42489,1.42516,1.00,1.50
2015.09.25 06:18:01.610,1.42489,1.42514,1.00,1.00
2015.09.25 06:18:11.553,1.42488,1.42511,1.12,1.00
2015.09.25 06:18:11.610,1.42482,1.42509,1.00,1.00
2015.09.25 06:18:11.833,1.42479,1.42509,1.22,1.00
2015.09.25 06:18:12.362,1.42479,1.42504,1.22,1.00
2015.09.25 06:18:13.141,1.42479,1.42505,1.22,1.00
2015.09.25 06:18:14.763,1.42478,1.42505,1.22,1.00
2015.09.25 06:18:16.076,1.42479,1.42504,1.30,1.00
2015.09.25 06:18:19.789,1.4248,1.42504,1.00,1.00
2015.09.25 06:18:19.890,1.4248,1.4251,1.50,2.25
2015.09.25 06:18:20.889,1.42481,1.42508,1.00,1.00
2015.09.25 06:18:21.629,1.42482,1.42508,1.00,1.50
2015.09.25 06:18:27.741,1.42479,1.42509,1.00,1.00
2015.09.25 06:18:27.792,1.42475,1.42502,1.00,1.00
2015.09.25 06:18:28.110,1.42471,1.42499,1.00,1.00
2015.09.25 06:18:29.113,1.42471,1.42494,1.00,1.00
2015.09.25 06:18:29.416,1.42473,1.425,1.00,1.50
2015.09.25 06:18:29.675,1.42474,1.42503,1.00,1.00
2015.09.25 06:18:29.826,1.42478,1.42504,1.00,1.00
2015.09.25 06:18:30.644,1.42481,1.42507,1.00,1.00
2015.09.25 06:18:35.654,1.42473,1.42498,1.00,1.00
2015.09.25 06:18:36.240,1.42472,1.42497,1.00,1.00
2015.09.25 06:18:36.639,1.42472,1.42492,1.00,1.00
2015.09.25 06:18:37.529,1.42473,1.42492,1.00,1.00
2015.09.25 06:18:37.685,1.42473,1.425,1.00,1.00
2015.09.25 06:18:37.880,1.42476,1.42501,1.00,1.50
2015.09.25 06:18:38.194,1.4248,1.42504,1.00,1.00
2015.09.25 06:18:39.009,1.4248,1.42502,1.00,1.00
2015.09.25 06:18:41.094,1.42474,1.42502,1.87,1.50
2015.09.25 06:18:41.384,1.42474,1.42499,1.00,1.00
2015.09.25 06:18:41.437,1.4247,1.425,1.35,1.50
2015.09.25 06:18:42.380,1.4247,1.42498,1.50,1.00
2015.09.25 06:18:42.687,1.42473,1.42498,1.00,1.00
2015.09.25 06:18:42.788,1.42474,1.425,1.00,1.00
2015.09.25 06:18:42.889,1.42474,1.42503,1.50,1.00
2015.09.25 06:18:43.092,1.42479,1.42504,1.00,1.00
2015.09.25 06:18:43.900,1.42481,1.42502,1.00,1.00
2015.09.25 06:18:50.335,1.42481,1.42503,1.00,1.00
2015.09.25 06:18:51.096,1.42481,1.42502,1.00,1.00
2015.09.25 06:18:51.961,1.42484,1.42502,1.00,1.00
2015.09.25 06:18:52.543,1.42485,1.42503,1.00,1.00
2015.09.25 06:18:55.856,1.42486,1.42503,1.00,1.00
2015.09.25 06:18:58.182,1.42485,1.42503,1.00,1.00
2015.09.25 06:18:58.887,1.42485,1.42507,1.00,1.00
2015.09.25 06:18:59.353,1.42487,1.42508,1.00,1.00
2015.09.25 06:19:01.664,1.42486,1.42508,1.00,1.00
2015.09.25 06:19:04.891,1.42486,1.42507,1.00,1.00
2015.09.25 06:19:05.455,1.42487,1.42507,1.00,1.00
2015.09.25 06:19:06.407,1.42486,1.42507,1.00,1.00
2015.09.25 06:19:07.492,1.42486,1.42509,1.00,1.00
2015.09.25 06:19:08.815,1.42488,1.42509,1.00,1.00
2015.09.25 06:19:13.874,1.42487,1.42509,1.00,1.00
2015.09.25 06:19:25.133,1.42488,1.42509,1.00,1.50
2015.09.25 06:19:28.951,1.42487,1.42509,1.00,1.50
2015.09.25 06:19:32.099,1.42485,1.42509,1.72,1.50
2015.09.25 06:19:38.242,1.42487,1.42509,1.00,1.50
2015.09.25 06:19:41.624,1.42485,1.42509,1.30,1.50
2015.09.25 06:20:00.242,1.42484,1.4251,1.72,2.25
2015.09.25 06:20:04.671,1.42484,1.42509,1.72,1.50
2015.09.25 06:20:05.188,1.42484,1.42509,1.72,1.50
2015.09.25 06:20:07.300,1.42484,1.42507,1.72,1.00
2015.09.25 06:20:10.822,1.42484,1.42505,1.72,1.00
2015.09.25 06:20:12.062,1.42484,1.42504,1.72,1.00
2015.09.25 06:20:18.974,1.42484,1.42506,1.72,1.00
2015.09.25 06:20:20.060,1.42484,1.42505,1.72,1.00
2015.09.25 06:20:22.395,1.42484,1.42506,1.72,1.00
2015.09.25 06:20:25.859,1.42485,1.42506,1.00,1.00
2015.09.25 06:20:28.538,1.42485,1.42505,1.30,1.00
2015.09.25 06:20:30.966,1.42485,1.42508,1.30,1.00
2015.09.25 06:20:31.617,1.42485,1.42507,1.30,1.00
2015.09.25 06:20:34.360,1.42485,1.42508,1.30,1.50
2015.09.25 06:20:44.256,1.42485,1.42507,1.30,1.00
2015.09.25 06:20:46.836,1.42486,1.42507,1.00,1.00
2015.09.25 06:20:53.720,1.42486,1.42508,1.00,1.50
2015.09.25 06:20:56.794,1.42485,1.42508,1.30,1.00
2015.09.25 06:21:00.911,1.42485,1.42507,1.30,1.00
2015.09.25 06:21:03.580,1.42485,1.42508,1.30,1.00
2015.09.25 06:21:17.289,1.42486,1.42508,1.00,1.50
2015.09.25 06:21:23.862,1.42486,1.42506,1.00,1.00
2015.09.25 06:21:24.347,1.42482,1.42508,1.22,1.00
2015.09.25 06:21:24.401,1.42481,1.42509,1.00,1.00
2015.09.25 06:21:24.452,1.42481,1.42506,1.00,1.00
2015.09.25 06:21:25.356,1.42482,1.42506,1.00,1.57
2015.09.25 06:21:26.421,1.42482,1.42505,1.00,1.00
2015.09.25 06:21:26.881,1.42485,1.42504,1.00,1.00
2015.09.25 06:21:27.082,1.42485,1.42506,1.00,1.10
2015.09.25 06:21:27.877,1.42485,1.42508,1.00,1.00
2015.09.25 06:21:28.410,1.42485,1.42507,1.00,1.00
2015.09.25 06:21:30.553,1.42484,1.42507,1.00,1.00
2015.09.25 06:21:30.705,1.42487,1.42508,1.00,1.00
2015.09.25 06:21:30.806,1.42485,1.42508,1.00,1.00
2015.09.25 06:21:31.302,1.42485,1.42509,1.00,1.12
2015.09.25 06:21:31.841,1.42485,1.42505,1.00,1.00
2015.09.25 06:21:32.380,1.42485,1.42507,1.00,1.00
2015.09.25 06:21:33.206,1.42485,1.42508,1.00,1.00
2015.09.25 06:22:05.744,1.42484,1.42508,1.00,1.07
2015.09.25 06:22:05.796,1.42481,1.42508,1.00,1.07
2015.09.25 06:22:07.090,1.42479,1.42505,1.00,1.00
2015.09.25 06:22:07.974,1.42481,1.42504,2.25,1.00
2015.09.25 06:22:08.100,1.42481,1.42506,2.25,1.00
2015.09.25 06:22:08.639,1.42481,1.42508,2.25,1.50
2015.09.25 06:22:08.690,1.42485,1.42508,1.00,1.00
2015.09.25 06:22:09.348,1.42483,1.42508,1.00,1.00
2015.09.25 06:22:09.449,1.42483,1.42509,1.00,1.12
2015.09.25 06:22:09.883,1.42481,1.42507,1.00,1.07
2015.09.25 06:22:10.403,1.42481,1.42505,1.00,1.00
2015.09.25 06:22:12.389,1.42481,1.42504,1.00,1.00
2015.09.25 06:22:13.744,1.4248,1.42504,1.00,1.00
2015.09.25 06:22:15.915,1.4248,1.42501,1.00,1.00
2015.09.25 06:22:17.009,1.4248,1.42502,1.00,1.00
2015.09.25 06:22:18.219,1.4248,1.42501,1.00,1.00
2015.09.25 06:22:19.130,1.42477,1.425,1.00,1.00
2015.09.25 06:22:19.181,1.42472,1.425,1.22,1.00
2015.09.25 06:22:19.660,1.42474,1.42497,1.30,1.00
2015.09.25 06:22:19.962,1.42473,1.42494,1.00,1.00
2015.09.25 06:22:20.216,1.42473,1.42498,1.00,1.00
2015.09.25 06:22:20.468,1.42475,1.42498,1.00,1.00
2015.09.25 06:22:21.387,1.42473,1.42498,1.00,1.00
2015.09.25 06:22:21.440,1.42473,1.42494,1.00,1.00
2015.09.25 06:22:21.793,1.42475,1.42493,1.00,1.00
2015.09.25 06:22:22.651,1.42475,1.42495,1.00,1.00
2015.09.25 06:22:25.919,1.42471,1.42493,1.00,1.00
2015.09.25 06:22:25.972,1.42471,1.42491,1.00,1.00
2015.09.25 06:22:26.229,1.42468,1.42491,1.00,1.00
2015.09.25 06:22:27.361,1.42468,1.42488,1.00,1.00
2015.09.25 06:22:28.121,1.42468,1.4249,1.00,1.00
2015.09.25 06:22:31.765,1.42468,1.42491,1.00,1.00
2015.09.25 06:22:33.070,1.42468,1.4249,1.00,1.00
2015.09.25 06:22:34.087,1.42467,1.4249,1.00,1.00
2015.09.25 06:22:35.052,1.42467,1.42491,1.00,1.00
2015.09.25 06:22:43.486,1.42468,1.42491,1.00,1.00
2015.09.25 06:22:48.909,1.42468,1.4249,1.00,1.00
2015.09.25 06:22:54.160,1.42467,1.4249,1.00,1.00
2015.09.25 06:23:00.901,1.42467,1.42491,1.00,1.00
2015.09.25 06:23:01.270,1.42467,1.42489,1.00,1.00
2015.09.25 06:23:01.622,1.42463,1.42489,1.00,1.00
2015.09.25 06:23:01.673,1.42463,1.42486,1.00,1.00
2015.09.25 06:23:02.725,1.42457,1.42485,1.00,1.00
2015.09.25 06:23:02.776,1.42457,1.42482,1.00,1.00
2015.09.25 06:23:03.214,1.42457,1.4248,1.00,1.00
2015.09.25 06:23:10.468,1.42457,1.42481,1.00,1.00
2015.09.25 06:23:11.569,1.42457,1.4248,1.00,1.00
2015.09.25 06:23:20.479,1.42457,1.42482,1.00,1.00
2015.09.25 06:23:21.101,1.42458,1.42482,1.00,1.00
2015.09.25 06:23:21.753,1.42458,1.42481,1.00,1.00
2015.09.25 06:23:23.253,1.42458,1.42482,1.00,1.00
2015.09.25 06:23:24.028,1.42458,1.42483,1.00,1.00
2015.09.25 06:23:24.756,1.42457,1.42483,1.00,1.00
2015.09.25 06:23:26.928,1.42458,1.42483,1.00,1.00
2015.09.25 06:23:27.659,1.42457,1.42483,1.50,1.00
2015.09.25 06:23:29.790,1.42457,1.42482,1.00,1.00
2015.09.25 06:23:31.301,1.42457,1.42483,1.50,1.00
2015.09.25 06:23:32.977,1.42457,1.42482,1.00,1.00
2015.09.25 06:23:34.115,1.42456,1.42482,2.25,1.00
2015.09.25 06:23:36.034,1.42456,1.4248,1.50,1.00
2015.09.25 06:23:41.327,1.42457,1.4248,1.00,1.00
2015.09.25 06:23:50.979,1.42457,1.42479,1.00,1.00
2015.09.25 06:23:52.242,1.42463,1.42479,1.00,1.00
2015.09.25 06:23:52.505,1.4246,1.42479,1.00,1.00
2015.09.25 06:23:54.764,1.4246,1.4248,1.00,1.00
2015.09.25 06:23:55.353,1.42458,1.4248,1.00,1.00
2015.09.25 06:23:55.929,1.42458,1.42481,1.00,1.00
2015.09.25 06:23:57.044,1.42456,1.42481,1.50,1.00
2015.09.25 06:23:57.095,1.42456,1.42478,1.00,1.00
2015.09.25 06:23:57.348,1.42454,1.4248,1.12,1.00
2015.09.25 06:23:57.920,1.42454,1.42475,1.00,1.00
2015.09.25 06:23:57.971,1.4245,1.42475,1.03,1.00
2015.09.25 06:23:58.679,1.42449,1.42476,1.03,1.00
2015.09.25 06:23:59.778,1.42449,1.42478,1.03,1.00
2015.09.25 06:24:04.669,1.42449,1.4248,1.53,1.50
2015.09.25 06:24:13.439,1.42448,1.42476,1.03,1.00
2015.09.25 06:24:14.628,1.42448,1.42477,1.03,1.00
2015.09.25 06:24:17.054,1.42448,1.42479,1.53,1.00
2015.09.25 06:24:26.508,1.42452,1.4248,1.00,1.00
2015.09.25 06:24:31.071,1.4245,1.42479,1.03,1.00
2015.09.25 06:24:31.907,1.42448,1.4248,1.53,1.50
2015.09.25 06:24:32.595,1.42448,1.42474,1.00,1.19
2015.09.25 06:24:33.109,1.42451,1.42474,1.00,1.19
2015.09.25 06:24:34.998,1.42448,1.42474,1.00,1.19
2015.09.25 06:24:35.711,1.42447,1.42474,1.00,1.19
2015.09.25 06:24:36.406,1.42444,1.42474,1.10,1.19
2015.09.25 06:24:37.957,1.42444,1.42471,1.57,1.00
2015.09.25 06:24:38.688,1.42446,1.42469,1.00,1.00
2015.09.25 06:24:38.739,1.42437,1.42469,1.00,1.00
2015.09.25 06:24:38.891,1.42433,1.42468,2.25,1.50
2015.09.25 06:24:39.729,1.42433,1.42466,1.50,1.00
2015.09.25 06:24:40.671,1.42433,1.42465,1.50,1.00
2015.09.25 06:24:40.995,1.42431,1.4246,2.25,1.00
2015.09.25 06:24:41.249,1.4243,1.42456,1.50,1.00
2015.09.25 06:24:41.409,1.42423,1.42456,1.00,1.50
2015.09.25 06:24:41.479,1.42423,1.42442,1.00,1.00
2015.09.25 06:24:42.066,1.42422,1.42446,1.00,1.00
2015.09.25 06:24:42.118,1.42414,1.42444,1.00,1.00
2015.09.25 06:24:42.170,1.42404,1.42451,1.00,1.00
2015.09.25 06:24:42.333,1.42401,1.42451,1.00,1.00
2015.09.25 06:24:42.485,1.42401,1.42447,1.00,1.00
2015.09.25 06:24:43.671,1.42401,1.42448,1.00,1.00
2015.09.25 06:24:43.974,1.42405,1.42448,1.87,1.00
2015.09.25 06:24:44.631,1.42427,1.42448,1.00,1.00
2015.09.25 06:24:44.688,1.4243,1.42455,1.00,1.00
2015.09.25 06:24:44.891,1.42431,1.42463,1.00,1.00
2015.09.25 06:24:44.942,1.42431,1.42465,1.00,1.50
2015.09.25 06:24:45.844,1.42432,1.42465,1.00,1.00
2015.09.25 06:24:46.354,1.42431,1.42465,2.25,1.00
2015.09.25 06:24:47.540,1.42433,1.42468,1.00,1.00
2015.09.25 06:24:51.838,1.42439,1.42468,1.00,1.00
2015.09.25 06:24:52.850,1.42441,1.42469,1.00,1.00
2015.09.25 06:25:11.406,1.42441,1.42467,1.50,1.00
2015.09.25 06:25:12.843,1.42441,1.42466,1.50,1.00
2015.09.25 06:25:19.106,1.42441,1.42465,1.50,1.00
2015.09.25 06:25:20.694,1.42441,1.42467,1.50,1.00
2015.09.25 06:25:21.557,1.42448,1.42467,1.00,1.00
2015.09.25 06:25:21.659,1.4245,1.42474,1.00,1.00
2015.09.25 06:25:21.810,1.42453,1.42474,1.00,1.00
2015.09.25 06:25:21.861,1.42453,1.42478,1.00,1.00
2015.09.25 06:25:22.215,1.42453,1.42482,1.00,1.50
2015.09.25 06:25:23.294,1.42453,1.42479,1.00,1.00
2015.09.25 06:25:26.809,1.42453,1.42477,1.50,1.00
2015.09.25 06:25:27.424,1.42454,1.42477,1.00,1.00
2015.09.25 06:25:28.017,1.42454,1.42479,1.00,1.00
2015.09.25 06:25:30.996,1.42454,1.42478,1.00,1.00
2015.09.25 06:25:31.797,1.42454,1.42475,1.00,1.00
2015.09.25 06:25:32.966,1.42454,1.42476,1.00,1.00
2015.09.25 06:25:35.275,1.42454,1.42477,1.00,1.00
2015.09.25 06:25:36.733,1.42454,1.42476,1.00,1.00
2015.09.25 06:25:36.980,1.42454,1.42478,1.00,1.00
2015.09.25 06:25:37.081,1.42453,1.42474,1.00,1.00
2015.09.25 06:25:37.131,1.42451,1.42474,1.00,1.00
2015.09.25 06:25:37.182,1.42447,1.42469,1.00,1.00
2015.09.25 06:25:37.233,1.42444,1.42469,1.57,1.00
2015.09.25 06:25:37.334,1.4245,1.42469,1.00,1.00
2015.09.25 06:25:37.385,1.42451,1.42475,1.00,1.00
2015.09.25 06:25:37.435,1.42451,1.42463,1.00,1.00
2015.09.25 06:25:38.039,1.42454,1.42463,1.00,1.00
2015.09.25 06:25:38.090,1.42455,1.42478,1.00,1.00
2015.09.25 06:25:38.625,1.42455,1.42474,1.00,1.00
2015.09.25 06:25:39.835,1.42455,1.42475,1.00,1.00
2015.09.25 06:25:41.821,1.42455,1.42476,1.00,1.00
2015.09.25 06:25:42.203,1.42455,1.42474,1.00,1.00
2015.09.25 06:25:44.346,1.42455,1.42476,1.00,1.00
2015.09.25 06:25:45.576,1.42455,1.42475,1.00,1.00
2015.09.25 06:25:49.886,1.42454,1.42475,1.00,1.00
2015.09.25 06:25:50.528,1.42454,1.42476,1.00,1.00
2015.09.25 06:25:51.380,1.42455,1.42476,1.00,1.00
2015.09.25 06:25:51.887,1.42455,1.42475,1.00,1.00
2015.09.25 06:25:57.530,1.42454,1.42475,1.00,1.00
2015.09.25 06:25:57.581,1.42452,1.42475,1.50,1.00
2015.09.25 06:25:57.682,1.42451,1.4247,1.00,1.00
2015.09.25 06:25:57.784,1.42449,1.4247,1.00,1.00
2015.09.25 06:25:58.263,1.42445,1.4247,1.10,1.00
2015.09.25 06:25:58.795,1.42447,1.42469,1.00,1.00
2015.09.25 06:26:01.087,1.4245,1.42469,1.00,1.00
2015.09.25 06:26:01.609,1.42455,1.42473,1.00,1.00
2015.09.25 06:26:02.153,1.42454,1.42473,1.00,1.00
2015.09.25 06:26:02.736,1.42454,1.42474,1.00,1.00
2015.09.25 06:26:07.092,1.42456,1.42475,1.00,1.00
2015.09.25 06:26:12.904,1.42454,1.42475,1.00,1.00
2015.09.25 06:26:13.585,1.42454,1.42474,1.00,1.00
2015.09.25 06:26:14.717,1.42456,1.42474,1.00,1.00
2015.09.25 06:26:16.955,1.42456,1.42473,1.00,1.00
2015.09.25 06:26:18.450,1.42454,1.42473,1.00,1.00
2015.09.25 06:26:22.882,1.42454,1.42475,1.00,1.00
2015.09.25 06:26:24.678,1.42452,1.42471,1.50,1.00
2015.09.25 06:26:24.729,1.42448,1.42471,1.00,1.00
2015.09.25 06:26:25.594,1.42448,1.42469,1.00,1.00
2015.09.25 06:26:25.954,1.42448,1.42467,1.00,1.00
2015.09.25 06:26:27.845,1.42446,1.42467,1.00,1.00
2015.09.25 06:26:29.055,1.42446,1.42468,1.00,1.00
2015.09.25 06:26:32.635,1.42446,1.42469,1.00,1.00
2015.09.25 06:26:34.175,1.42446,1.4247,1.00,1.00
2015.09.25 06:26:36.505,1.42446,1.42469,1.00,1.00
2015.09.25 06:26:37.885,1.42445,1.42469,1.00,1.00
2015.09.25 06:26:38.685,1.42445,1.42467,1.00,1.00
2015.09.25 06:26:41.001,1.42442,1.42468,1.00,1.00
2015.09.25 06:26:41.166,1.42442,1.42464,1.00,1.00
2015.09.25 06:26:42.935,1.42442,1.42463,1.00,1.00
2015.09.25 06:26:44.582,1.4244,1.42463,1.00,1.00
2015.09.25 06:26:44.633,1.42432,1.42459,1.75,1.50
2015.09.25 06:26:44.683,1.42432,1.42455,1.75,1.00
2015.09.25 06:26:44.734,1.42432,1.42455,1.00,1.00
2015.09.25 06:26:45.032,1.42435,1.42455,1.00,1.00
2015.09.25 06:26:45.637,1.42435,1.42454,1.00,1.00
2015.09.25 06:26:52.363,1.42435,1.42453,1.00,1.00
2015.09.25 06:26:54.977,1.42437,1.42457,1.00,1.00
2015.09.25 06:26:57.395,1.42437,1.42455,1.00,1.00
2015.09.25 06:27:00.618,1.42437,1.42456,1.00,1.00
2015.09.25 06:27:01.153,1.42436,1.42456,1.00,1.00
2015.09.25 06:27:01.982,1.42437,1.42463,1.00,1.00
2015.09.25 06:27:02.033,1.42442,1.42463,1.00,1.00
2015.09.25 06:27:02.240,1.42442,1.42465,1.00,1.00
2015.09.25 06:27:03.054,1.42442,1.42468,1.00,1.50
2015.09.25 06:27:04.216,1.42442,1.42466,1.50,1.00
2015.09.25 06:27:05.425,1.42442,1.42467,1.50,1.00
2015.09.25 06:27:06.747,1.42442,1.42466,1.50,1.00
2015.09.25 06:27:09.282,1.42442,1.42461,1.50,1.00
2015.09.25 06:27:10.096,1.42441,1.42461,1.00,1.00
2015.09.25 06:27:10.612,1.4244,1.42458,1.00,1.00
2015.09.25 06:27:10.663,1.42435,1.42458,1.00,1.00
2015.09.25 06:27:10.713,1.42435,1.42456,1.00,1.00
2015.09.25 06:27:11.882,1.42436,1.42456,1.00,1.00
2015.09.25 06:27:12.037,1.42433,1.42456,1.87,1.00
2015.09.25 06:27:14.737,1.42433,1.42457,1.87,1.00
2015.09.25 06:27:24.139,1.42433,1.42456,1.87,1.00
2015.09.25 06:27:24.240,1.42434,1.42451,1.10,1.00
2015.09.25 06:27:26.474,1.42434,1.4245,1.10,1.00
2015.09.25 06:27:27.768,1.42434,1.42451,1.10,1.00
2015.09.25 06:27:33.069,1.42434,1.42453,1.10,1.00
2015.09.25 06:27:34.378,1.42434,1.42452,1.10,1.00
2015.09.25 06:27:39.896,1.42431,1.42449,1.50,1.00
2015.09.25 06:27:39.947,1.42431,1.42449,1.00,1.00
2015.09.25 06:27:39.998,1.42426,1.42449,1.00,1.00
2015.09.25 06:27:40.099,1.42423,1.42449,1.12,1.50
2015.09.25 06:27:40.200,1.42418,1.42444,1.00,1.00
2015.09.25 06:27:40.251,1.42413,1.42444,2.25,1.00
2015.09.25 06:27:40.402,1.42411,1.42441,1.00,1.00
2015.09.25 06:27:40.604,1.42399,1.42432,1.50,1.00
2015.09.25 06:27:40.655,1.42399,1.42425,1.00,1.00
2015.09.25 06:27:42.201,1.42399,1.42421,1.00,1.00
2015.09.25 06:27:43.403,1.42399,1.42424,1.00,1.00
2015.09.25 06:27:47.259,1.42399,1.42426,1.00,1.00
2015.09.25 06:27:53.545,1.42399,1.42431,2.25,1.00
2015.09.25 06:27:53.860,1.42402,1.42431,1.00,1.00
2015.09.25 06:27:53.961,1.42402,1.42435,1.00,1.00
2015.09.25 06:27:55.179,1.42401,1.42434,1.00,1.00
2015.09.25 06:27:56.254,1.42401,1.42435,1.00,1.00
2015.09.25 06:27:59.028,1.42404,1.42435,1.00,1.00
2015.09.25 06:27:59.343,1.42421,1.42446,1.00,1.00
2015.09.25 06:27:59.806,1.42423,1.42446,1.00,1.00
2015.09.25 06:28:00.443,1.42423,1.42447,1.00,1.00
2015.09.25 06:28:00.863,1.42423,1.42451,1.00,1.00
2015.09.25 06:28:01.386,1.42424,1.42451,1.00,1.00
2015.09.25 06:28:02.410,1.42424,1.42452,1.00,1.00
2015.09.25 06:28:02.563,1.42432,1.42452,1.00,1.00
2015.09.25 06:28:02.664,1.42432,1.42454,1.00,1.00
2015.09.25 06:28:02.866,1.42432,1.42457,1.00,1.00
2015.09.25 06:28:03.774,1.42433,1.42457,1.00,1.00
2015.09.25 06:28:04.292,1.42433,1.42456,1.00,1.00
2015.09.25 06:28:05.917,1.42429,1.42451,1.12,1.00
2015.09.25 06:28:05.968,1.42429,1.42453,1.00,1.00
2015.09.25 06:28:07.505,1.42429,1.42452,1.00,1.00
2015.09.25 06:28:08.608,1.42427,1.42452,1.00,1.00
2015.09.25 06:28:11.790,1.42424,1.42452,1.00,1.00
2015.09.25 06:28:12.203,1.42416,1.42447,1.87,1.00
2015.09.25 06:28:12.253,1.42416,1.42447,1.50,1.00
2015.09.25 06:28:12.506,1.42414,1.42447,1.00,1.00
2015.09.25 06:28:12.607,1.4241,1.42447,1.12,1.00
2015.09.25 06:28:13.116,1.4241,1.42446,1.00,1.00
2015.09.25 06:28:13.217,1.42409,1.42438,1.00,1.00
2015.09.25 06:28:13.655,1.42407,1.42432,1.00,1.00
2015.09.25 06:28:14.223,1.42406,1.42432,1.07,1.00
2015.09.25 06:28:14.624,1.42406,1.4243,1.07,1.00
2015.09.25 06:28:15.863,1.42406,1.42427,1.07,1.00
2015.09.25 06:28:19.984,1.42403,1.42427,1.55,1.00
2015.09.25 06:28:20.287,1.424,1.42422,1.05,1.00
2015.09.25 06:28:21.257,1.424,1.42424,1.05,1.00
2015.09.25 06:28:21.664,1.42401,1.42427,1.05,1.00
2015.09.25 06:28:22.036,1.424,1.42424,1.55,1.00
2015.09.25 06:28:22.636,1.42402,1.42426,1.05,1.00
2015.09.25 06:28:24.984,1.42404,1.42429,1.05,1.00
2015.09.25 06:28:26.493,1.42404,1.42428,1.05,1.00
2015.09.25 06:28:27.036,1.42404,1.42428,1.05,1.00
2015.09.25 06:28:27.190,1.42406,1.4243,1.00,1.00
2015.09.25 06:28:33.226,1.42406,1.42428,1.07,1.00
2015.09.25 06:28:33.825,1.42408,1.42428,1.00,1.00
2015.09.25 06:28:34.212,1.42411,1.42438,1.00,1.00
2015.09.25 06:28:34.772,1.42411,1.42432,1.00,1.00
2015.09.25 06:28:35.093,1.42409,1.42432,1.00,1.00
2015.09.25 06:28:35.448,1.4241,1.42435,1.00,1.00
2015.09.25 06:28:35.754,1.42413,1.42437,1.00,1.00
2015.09.25 06:28:36.402,1.42407,1.42434,1.00,1.00
2015.09.25 06:28:36.453,1.42406,1.42431,1.00,1.00
2015.09.25 06:28:37.441,1.42406,1.4243,1.00,1.00
2015.09.25 06:28:39.154,1.42406,1.42432,1.00,1.00
2015.09.25 06:28:43.517,1.42411,1.42432,1.00,1.00
2015.09.25 06:28:44.543,1.42411,1.42433,1.00,1.00
2015.09.25 06:28:45.406,1.42408,1.42433,1.50,1.00
2015.09.25 06:28:45.457,1.42408,1.42429,1.50,1.00
2015.09.25 06:28:46.203,1.42407,1.42429,1.00,1.00
2015.09.25 06:28:46.836,1.42407,1.42431,1.00,1.00
2015.09.25 06:28:47.986,1.42408,1.42432,1.00,1.00
2015.09.25 06:28:49.959,1.42407,1.42431,1.50,1.00
2015.09.25 06:28:52.503,1.42408,1.42433,1.00,1.00
2015.09.25 06:28:52.937,1.4241,1.4244,1.00,1.50
2015.09.25 06:28:53.873,1.42415,1.4244,1.00,1.00
2015.09.25 06:28:53.924,1.42419,1.42445,1.00,1.00
2015.09.25 06:28:54.694,1.42421,1.42446,1.00,1.00
2015.09.25 06:28:55.428,1.42418,1.42444,1.00,1.00
2015.09.25 06:28:56.643,1.42421,1.42445,1.00,1.00
2015.09.25 06:28:59.986,1.42422,1.42448,1.00,1.00
2015.09.25 06:29:00.964,1.42419,1.42443,1.00,1.00
2015.09.25 06:29:01.414,1.42415,1.42442,1.00,1.00
2015.09.25 06:29:01.923,1.42415,1.42436,1.00,1.00
2015.09.25 06:29:02.448,1.42414,1.42436,1.00,1.00
2015.09.25 06:29:02.912,1.42414,1.42438,1.00,1.00
2015.09.25 06:29:04.057,1.42414,1.4244,1.50,1.00
2015.09.25 06:29:06.084,1.42415,1.4244,1.00,1.00
2015.09.25 06:29:06.185,1.42415,1.42442,1.50,1.00
2015.09.25 06:29:07.368,1.42417,1.42443,1.00,1.00
2015.09.25 06:29:07.784,1.4242,1.42444,1.00,1.00
2015.09.25 06:29:08.879,1.42421,1.42447,1.00,1.00
2015.09.25 06:29:09.197,1.42423,1.42448,1.00,1.00
2015.09.25 06:29:10.623,1.42423,1.4245,1.00,1.00
2015.09.25 06:29:12.592,1.42423,1.42451,1.00,1.00
2015.09.25 06:29:21.190,1.42419,1.42442,1.00,1.00
2015.09.25 06:29:21.291,1.42417,1.42442,1.00,1.00
2015.09.25 06:29:22.063,1.42417,1.4244,1.00,1.00
2015.09.25 06:29:31.790,1.42421,1.4244,1.00,1.00
2015.09.25 06:29:31.891,1.42421,1.42442,1.00,1.00
2015.09.25 06:29:35.943,1.42421,1.42443,1.50,1.00
2015.09.25 06:29:36.590,1.42423,1.42443,1.00,1.00
2015.09.25 06:29:37.440,1.42423,1.42446,1.00,1.00
2015.09.25 06:29:37.491,1.42423,1.42448,1.00,1.00
2015.09.25 06:29:39.888,1.42422,1.42444,1.00,1.00
2015.09.25 06:29:40.746,1.42421,1.42444,1.00,1.00
2015.09.25 06:29:41.622,1.4242,1.42444,1.00,1.00
2015.09.25 06:29:53.885,1.42417,1.42444,1.50,1.00
2015.09.25 06:29:55.008,1.42415,1.4244,1.00,1.00
2015.09.25 06:30:02.648,1.42415,1.42439,1.00,1.00
2015.09.25 06:30:04.390,1.42416,1.42439,1.00,1.00
2015.09.25 06:30:09.825,1.42413,1.42439,1.00,1.00
2015.09.25 06:30:09.926,1.42413,1.42435,1.00,1.00
2015.09.25 06:30:10.397,1.42406,1.42435,2.25,1.00
2015.09.25 06:30:11.148,1.42406,1.42434,1.50,1.00
2015.09.25 06:30:11.900,1.42407,1.42434,1.00,1.00
2015.09.25 06:30:13.537,1.42406,1.42434,1.07,1.00
2015.09.25 06:30:14.475,1.42406,1.42433,1.00,1.00
2015.09.25 06:30:15.871,1.42406,1.42431,1.07,1.00
2015.09.25 06:30:17.760,1.42406,1.42433,1.07,1.00
2015.09.25 06:30:19.441,1.42406,1.42432,1.00,1.00
2015.09.25 06:30:19.744,1.42403,1.42428,1.55,1.00
2015.09.25 06:30:20.172,1.42399,1.42423,1.05,1.00
2015.09.25 06:30:21.348,1.42398,1.42422,1.05,1.00
2015.09.25 06:30:21.449,1.42397,1.42422,1.50,1.00
2015.09.25 06:30:23.019,1.42396,1.42422,1.00,1.00
2015.09.25 06:30:24.977,1.42396,1.4242,1.00,1.00
2015.09.25 06:30:29.128,1.42394,1.42419,1.12,1.00
2015.09.25 06:30:29.708,1.42395,1.42421,1.10,1.00
2015.09.25 06:30:30.428,1.42394,1.42418,1.87,1.00
2015.09.25 06:30:31.562,1.42394,1.42419,1.87,1.00
2015.09.25 06:30:34.272,1.42393,1.4242,2.25,1.00
2015.09.25 06:30:36.806,1.42394,1.42422,1.12,1.00
2015.09.25 06:30:39.629,1.42394,1.4242,1.87,1.00
2015.09.25 06:30:41.270,1.42393,1.42417,2.25,1.00
2015.09.25 06:30:41.498,1.42393,1.42419,2.25,1.00
2015.09.25 06:30:45.457,1.42394,1.4242,1.12,1.00
2015.09.25 06:30:48.915,1.42394,1.42422,1.12,1.00
2015.09.25 06:30:49.991,1.42393,1.4242,1.50,1.00
2015.09.25 06:30:50.677,1.42393,1.42418,1.50,1.00
2015.09.25 06:30:55.080,1.42393,1.42416,1.50,1.00
2015.09.25 06:30:56.573,1.42393,1.42415,1.50,1.00
2015.09.25 06:30:57.454,1.42393,1.42417,1.50,1.00
2015.09.25 06:30:59.140,1.42392,1.42416,1.75,1.00
2015.09.25 06:31:00.197,1.42392,1.42417,1.75,1.00
2015.09.25 06:31:00.467,1.42394,1.42422,1.12,1.00
2015.09.25 06:31:01.672,1.42393,1.42423,3.00,1.00
2015.09.25 06:31:02.878,1.42395,1.42424,1.10,1.00
2015.09.25 06:31:04.248,1.42395,1.42426,1.10,1.50
2015.09.25 06:31:05.566,1.42395,1.42424,1.10,1.00
2015.09.25 06:31:07.947,1.42394,1.42422,2.25,1.00
2015.09.25 06:31:11.420,1.42394,1.42421,2.62,1.00
2015.09.25 06:31:14.041,1.42394,1.4242,2.62,1.00
2015.09.25 06:31:14.388,1.42394,1.42414,1.12,1.00
2015.09.25 06:31:16.842,1.42394,1.42415,1.12,1.00
2015.09.25 06:31:19.998,1.42395,1.42417,1.10,1.00
2015.09.25 06:31:20.986,1.42395,1.42414,1.57,1.00
2015.09.25 06:31:24.236,1.42395,1.42413,1.10,1.00
2015.09.25 06:31:27.784,1.42393,1.42414,1.50,1.00
2015.09.25 06:31:29.796,1.42394,1.42412,1.12,1.00
2015.09.25 06:31:32.437,1.42394,1.42415,1.12,1.00
2015.09.25 06:31:39.842,1.42394,1.42416,1.12,1.00
2015.09.25 06:31:42.712,1.42394,1.42414,1.12,1.00
2015.09.25 06:31:43.766,1.42394,1.42412,1.12,1.00
2015.09.25 06:31:47.219,1.42394,1.42413,1.12,1.00
2015.09.25 06:31:49.604,1.42394,1.42415,1.12,1.00
2015.09.25 06:31:51.181,1.42394,1.42414,1.12,1.00
2015.09.25 06:31:52.212,1.42393,1.4241,1.50,1.00
2015.09.25 06:31:52.719,1.42393,1.42411,1.50,1.00
2015.09.25 06:31:56.239,1.42394,1.42412,1.12,1.00
2015.09.25 06:32:00.817,1.42394,1.42413,1.87,1.00
2015.09.25 06:32:02.029,1.42393,1.42416,1.50,1.00
2015.09.25 06:32:03.788,1.42393,1.42414,1.50,1.00
2015.09.25 06:32:10.116,1.42393,1.42414,1.87,1.00
2015.09.25 06:32:17.588,1.42394,1.42416,1.57,1.00
2015.09.25 06:32:19.040,1.42394,1.42416,1.87,1.00
2015.09.25 06:32:24.921,1.42395,1.42417,1.10,1.00
2015.09.25 06:32:27.439,1.42393,1.42419,2.25,1.00
2015.09.25 06:32:30.088,1.42394,1.4242,1.87,1.00
2015.09.25 06:32:31.333,1.42394,1.42418,1.12,1.00
2015.09.25 06:32:34.797,1.42394,1.42416,1.87,1.00
2015.09.25 06:32:41.316,1.42394,1.42414,1.12,1.00
2015.09.25 06:32:52.328,1.42393,1.42416,1.50,1.00
2015.09.25 06:32:53.829,1.42393,1.42416,1.12,1.00
2015.09.25 06:32:59.237,1.42395,1.42416,1.00,1.00
2015.09.25 06:33:04.660,1.42394,1.42416,1.57,1.00
2015.09.25 06:33:05.213,1.42394,1.42416,1.87,1.00
2015.09.25 06:33:08.157,1.42394,1.42418,2.62,1.00
2015.09.25 06:33:09.383,1.42395,1.4242,1.57,1.00
2015.09.25 06:33:16.186,1.42395,1.42421,1.95,1.00
2015.09.25 06:33:19.384,1.42393,1.42417,1.12,1.00
2015.09.25 06:33:19.688,1.42401,1.42415,1.00,1.00
2015.09.25 06:33:19.891,1.42395,1.42415,1.12,1.00
2015.09.25 06:33:20.376,1.42396,1.42425,1.00,1.00
2015.09.25 06:33:20.927,1.42395,1.42418,1.50,1.00
2015.09.25 06:33:21.434,1.42396,1.42418,1.00,1.00
2015.09.25 06:33:22.126,1.42396,1.42417,1.00,1.00
2015.09.25 06:33:23.135,1.42396,1.42415,1.00,1.00
2015.09.25 06:33:23.236,1.4239,1.42415,1.87,1.00
2015.09.25 06:33:24.118,1.42393,1.42409,1.12,1.00
2015.09.25 06:33:24.269,1.42382,1.42408,1.00,1.00
2015.09.25 06:33:24.421,1.42381,1.42411,1.00,1.00
2015.09.25 06:33:24.472,1.42377,1.42399,1.00,1.00
2015.09.25 06:33:24.674,1.42376,1.42405,1.00,1.00
2015.09.25 06:33:25.196,1.42375,1.42405,1.10,1.00
2015.09.25 06:33:25.438,1.42375,1.42402,1.20,1.00
2015.09.25 06:33:25.962,1.42376,1.42402,1.00,1.00
2015.09.25 06:33:26.635,1.42376,1.42401,1.00,1.00
2015.09.25 06:33:27.445,1.42371,1.42399,3.00,1.00
2015.09.25 06:33:27.748,1.42371,1.42396,2.25,1.00
2015.09.25 06:33:28.841,1.4237,1.42398,1.87,1.00
2015.09.25 06:33:29.534,1.4237,1.42396,1.75,1.00
2015.09.25 06:33:30.139,1.42362,1.42393,1.50,1.00
2015.09.25 06:33:30.191,1.42362,1.42386,1.00,1.00
2015.09.25 06:33:30.414,1.42362,1.42391,1.00,1.00
2015.09.25 06:33:30.745,1.42362,1.42387,1.00,1.00
2015.09.25 06:33:31.701,1.42363,1.42387,1.00,1.00
2015.09.25 06:33:31.752,1.42362,1.42389,1.00,1.00
2015.09.25 06:33:32.267,1.42363,1.42389,1.00,1.00
2015.09.25 06:33:33.275,1.42358,1.42387,1.00,1.00
2015.09.25 06:33:33.376,1.42352,1.42385,1.00,1.00
2015.09.25 06:33:33.679,1.42351,1.42387,1.00,1.00
2015.09.25 06:33:33.831,1.42347,1.42387,1.00,1.00
2015.09.25 06:33:33.932,1.4234,1.42384,1.00,1.00
2015.09.25 06:33:34.033,1.42336,1.42382,1.00,1.00
2015.09.25 06:33:34.235,1.42329,1.42382,1.00,1.00
2015.09.25 06:33:34.708,1.42311,1.4238,1.00,1.00
2015.09.25 06:33:35.400,1.42311,1.42374,1.00,1.00
2015.09.25 06:33:35.803,1.42312,1.42372,1.00,1.00
2015.09.25 06:33:36.471,1.42316,1.42372,1.00,1.00
2015.09.25 06:33:36.791,1.42319,1.42372,1.00,1.00
2015.09.25 06:33:37.162,1.42319,1.4237,1.00,1.00
2015.09.25 06:33:37.579,1.42322,1.42368,1.00,1.00
2015.09.25 06:33:38.022,1.42325,1.42368,1.00,1.00
2015.09.25 06:33:38.732,1.42326,1.42367,1.00,1.00
2015.09.25 06:33:41.086,1.42334,1.42367,1.00,1.00
2015.09.25 06:33:42.305,1.42334,1.42366,1.12,1.00
2015.09.25 06:33:42.886,1.42334,1.42366,1.37,1.00
2015.09.25 06:33:43.416,1.42334,1.42366,1.00,1.00
2015.09.25 06:33:43.976,1.42325,1.42368,1.00,1.00
2015.09.25 06:33:44.140,1.42321,1.42368,1.00,1.00
2015.09.25 06:33:44.409,1.42321,1.42366,1.00,1.00
2015.09.25 06:33:44.685,1.42319,1.42366,1.00,1.00
2015.09.25 06:33:45.895,1.42323,1.42366,1.00,1.00
2015.09.25 06:33:46.776,1.42323,1.42368,1.50,1.00
2015.09.25 06:33:47.517,1.42324,1.42368,1.00,1.00
2015.09.25 06:33:48.140,1.42326,1.42369,1.00,1.50
2015.09.25 06:33:48.824,1.42331,1.42369,1.00,1.00
2015.09.25 06:33:49.197,1.42333,1.42367,1.00,1.00
2015.09.25 06:33:49.713,1.42334,1.42367,1.50,1.00
2015.09.25 06:33:50.201,1.42334,1.42363,1.50,1.00
2015.09.25 06:33:50.511,1.42346,1.42367,1.00,1.00
2015.09.25 06:33:50.662,1.42349,1.42374,1.00,1.00
2015.09.25 06:33:50.972,1.42349,1.42383,1.00,1.00
2015.09.25 06:33:51.919,1.4235,1.42383,1.00,1.00
2015.09.25 06:33:51.971,1.42354,1.42383,1.00,1.00
2015.09.25 06:33:52.275,1.42358,1.42383,1.00,1.00
2015.09.25 06:33:52.377,1.42356,1.42384,1.00,1.00
2015.09.25 06:33:52.529,1.42356,1.4239,1.00,1.00
2015.09.25 06:33:53.595,1.42356,1.42391,1.00,1.00
2015.09.25 06:33:54.805,1.42356,1.42387,1.00,1.00
2015.09.25 06:33:55.058,1.42349,1.42388,2.62,1.00
2015.09.25 06:33:55.512,1.42344,1.42389,1.00,1.00
2015.09.25 06:33:56.017,1.42339,1.42383,1.00,1.00
2015.09.25 06:33:56.168,1.42335,1.42383,1.00,1.00
2015.09.25 06:33:56.682,1.42339,1.42382,1.00,1.00
2015.09.25 06:33:57.598,1.42339,1.4238,1.00,1.00
2015.09.25 06:33:58.226,1.42349,1.4238,1.00,1.00
2015.09.25 06:33:58.546,1.42349,1.42378,1.00,1.00
2015.09.25 06:33:59.132,1.42349,1.42381,1.00,1.00
2015.09.25 06:34:00.714,1.4235,1.42381,1.00,1.00
2015.09.25 06:34:01.093,1.42347,1.42381,1.00,1.00
2015.09.25 06:34:01.194,1.42344,1.42382,1.00,1.00
2015.09.25 06:34:01.446,1.42341,1.42381,1.00,1.00
2015.09.25 06:34:02.017,1.4234,1.42382,1.00,1.00
2015.09.25 06:34:02.068,1.42336,1.42385,1.50,1.00
2015.09.25 06:34:02.220,1.42331,1.42379,1.00,1.00
2015.09.25 06:34:02.472,1.42323,1.42377,1.00,1.00
2015.09.25 06:34:02.775,1.42323,1.42374,1.00,1.00
2015.09.25 06:34:02.927,1.42317,1.42374,1.00,1.00
2015.09.25 06:34:03.967,1.42319,1.42373,1.00,1.00
2015.09.25 06:34:04.284,1.42324,1.4237,1.00,1.00
2015.09.25 06:34:04.597,1.42326,1.4237,1.00,1.00
2015.09.25 06:34:05.260,1.42333,1.42372,1.00,1.00
2015.09.25 06:34:05.578,1.42335,1.42372,1.00,1.00
2015.09.25 06:34:05.881,1.42338,1.42372,1.00,1.00
2015.09.25 06:34:05.932,1.42339,1.42376,1.00,1.00
2015.09.25 06:34:08.570,1.42344,1.42376,1.00,1.00
2015.09.25 06:34:08.906,1.4235,1.42381,1.00,1.00
2015.09.25 06:34:09.058,1.42348,1.42381,1.00,1.00
2015.09.25 06:34:09.109,1.42348,1.42383,1.00,1.00
2015.09.25 06:34:09.159,1.4235,1.42383,1.00,1.00
2015.09.25 06:34:09.468,1.42349,1.42387,1.00,1.00
2015.09.25 06:34:10.415,1.4235,1.42385,1.00,1.00
2015.09.25 06:34:11.197,1.42351,1.42385,1.00,1.00
2015.09.25 06:34:11.548,1.42351,1.42387,1.50,1.00
2015.09.25 06:34:12.068,1.4235,1.4238,1.87,1.00
2015.09.25 06:34:12.372,1.42343,1.42371,1.50,1.00
2015.09.25 06:34:12.525,1.42346,1.42376,1.00,1.00
2015.09.25 06:34:12.575,1.42348,1.42376,1.00,1.00
2015.09.25 06:34:12.778,1.42351,1.42381,1.00,1.00
2015.09.25 06:34:13.400,1.42348,1.42387,1.00,1.00
2015.09.25 06:34:15.329,1.42348,1.42383,1.00,1.00
2015.09.25 06:34:16.018,1.42348,1.42382,1.00,1.00
2015.09.25 06:34:16.923,1.42347,1.42383,1.00,1.00
2015.09.25 06:34:20.687,1.42347,1.42382,1.50,1.00
2015.09.25 06:34:22.643,1.42347,1.42383,1.50,1.00
2015.09.25 06:34:23.187,1.42348,1.42383,1.00,1.00
2015.09.25 06:34:23.878,1.42348,1.42382,1.50,1.00
2015.09.25 06:34:32.976,1.42347,1.42382,1.50,1.00
2015.09.25 06:34:35.627,1.42347,1.42372,1.50,1.00
2015.09.25 06:34:36.147,1.42348,1.42372,1.00,1.00
2015.09.25 06:34:38.552,1.42347,1.42372,1.50,1.00
2015.09.25 06:34:41.917,1.42347,1.42371,1.50,1.00
2015.09.25 06:34:44.801,1.42346,1.42367,1.00,1.00
2015.09.25 06:34:52.236,1.42346,1.42366,1.00,1.00
2015.09.25 06:34:52.717,1.42344,1.42366,1.00,1.00
2015.09.25 06:34:53.467,1.42344,1.42367,1.00,1.00
2015.09.25 06:34:54.110,1.42343,1.42367,1.00,1.00
2015.09.25 06:34:55.001,1.42343,1.42368,1.00,1.00
2015.09.25 06:34:55.513,1.42343,1.42365,1.00,1.00
2015.09.25 06:34:55.851,1.42342,1.42362,1.00,1.00
2015.09.25 06:34:55.901,1.42332,1.42362,1.00,1.00
2015.09.25 06:34:55.952,1.42334,1.42362,1.00,1.00
2015.09.25 06:34:56.156,1.42331,1.42362,1.00,1.00
2015.09.25 06:34:56.206,1.42331,1.42354,1.00,1.00
2015.09.25 06:34:56.257,1.42323,1.42354,1.00,1.00
2015.09.25 06:34:56.460,1.42318,1.42361,1.00,1.00
2015.09.25 06:34:56.920,1.42316,1.42361,1.00,1.00
2015.09.25 06:34:56.971,1.42311,1.42356,1.00,1.00
2015.09.25 06:34:57.100,1.42306,1.42356,1.00,1.00
2015.09.25 06:34:57.554,1.42308,1.42356,1.00,1.00
2015.09.25 06:34:57.864,1.42306,1.42351,1.00,1.00
2015.09.25 06:34:58.918,1.42307,1.42351,1.00,1.00
2015.09.25 06:34:59.564,1.42307,1.4235,1.00,1.00
2015.09.25 06:35:00.156,1.42308,1.4235,1.00,1.00
2015.09.25 06:35:02.002,1.42308,1.42348,1.00,1.00
2015.09.25 06:35:02.529,1.42309,1.42348,1.00,1.00
2015.09.25 06:35:02.930,1.42309,1.4235,1.00,1.00
2015.09.25 06:35:09.565,1.42308,1.4235,1.00,1.00
2015.09.25 06:35:11.504,1.42308,1.42351,1.00,1.00
2015.09.25 06:35:13.411,1.42307,1.42351,1.50,1.00
2015.09.25 06:35:14.181,1.42307,1.4235,1.50,1.00
2015.09.25 06:35:16.541,1.42307,1.42349,1.50,1.00
2015.09.25 06:35:19.586,1.42308,1.42349,1.00,1.00
2015.09.25 06:35:20.278,1.42308,1.4235,1.00,1.00
2015.09.25 06:35:22.727,1.42307,1.4235,1.00,1.00
2015.09.25 06:35:23.332,1.42307,1.42351,1.00,1.00
2015.09.25 06:35:25.024,1.42323,1.42351,1.00,1.00
2015.09.25 06:35:25.327,1.42325,1.42352,1.00,1.00
2015.09.25 06:35:25.496,1.42324,1.42359,1.00,1.00
2015.09.25 06:35:26.172,1.42326,1.42359,1.00,1.00
2015.09.25 06:35:26.481,1.42328,1.42358,1.00,1.00
2015.09.25 06:35:27.658,1.42328,1.4236,1.00,1.00
2015.09.25 06:35:28.191,1.42329,1.4236,1.00,1.00
2015.09.25 06:35:30.373,1.42328,1.4236,1.00,1.00
2015.09.25 06:35:32.412,1.42328,1.42358,1.00,1.00
2015.09.25 06:35:33.479,1.42328,1.42359,1.00,1.00
2015.09.25 06:35:34.701,1.42328,1.42358,1.00,1.00
2015.09.25 06:35:37.337,1.42328,1.42356,1.00,1.00
2015.09.25 06:35:37.666,1.4233,1.42356,1.00,1.00
2015.09.25 06:35:38.185,1.42332,1.42356,1.00,1.00
2015.09.25 06:35:38.337,1.42332,1.42358,1.00,1.00
2015.09.25 06:35:41.592,1.42329,1.42358,1.00,1.00
2015.09.25 06:35:42.191,1.42328,1.42358,1.00,1.00
2015.09.25 06:35:43.005,1.42328,1.42356,1.00,1.00
2015.09.25 06:35:43.618,1.42327,1.42356,1.00,1.00
2015.09.25 06:35:48.279,1.42327,1.42355,1.00,1.00
2015.09.25 06:35:51.422,1.42324,1.42355,1.50,1.00
2015.09.25 06:35:51.674,1.42325,1.42349,1.00,1.00
2015.09.25 06:35:51.725,1.42323,1.42349,1.50,1.00
2015.09.25 06:35:52.409,1.42324,1.42349,1.00,1.00
2015.09.25 06:35:53.109,1.42323,1.42349,1.00,1.00
2015.09.25 06:35:56.249,1.42322,1.42349,1.50,1.00
2015.09.25 06:35:59.061,1.42322,1.4235,1.50,1.00
2015.09.25 06:36:01.985,1.42321,1.4235,1.00,1.00
2015.09.25 06:36:03.789,1.42322,1.4235,1.50,1.00
2015.09.25 06:36:04.351,1.42322,1.42351,1.50,1.00
2015.09.25 06:36:05.334,1.42322,1.4235,1.50,1.00
2015.09.25 06:36:10.788,1.42322,1.42349,1.50,1.00
2015.09.25 06:36:13.209,1.42322,1.42346,1.50,1.00
2015.09.25 06:36:13.845,1.42318,1.42346,1.00,1.00
2015.09.25 06:36:13.896,1.4232,1.42345,1.00,1.00
2015.09.25 06:36:14.199,1.4232,1.42348,1.00,1.00
2015.09.25 06:36:14.913,1.42321,1.42348,1.00,1.00
2015.09.25 06:36:22.035,1.42321,1.42346,1.00,1.00
2015.09.25 06:36:22.931,1.42322,1.42346,1.00,1.00
2015.09.25 06:36:24.848,1.42322,1.42345,1.00,1.00
2015.09.25 06:36:35.869,1.42322,1.42344,1.50,1.00
2015.09.25 06:36:38.612,1.42323,1.42344,1.00,1.00
2015.09.25 06:36:41.730,1.42316,1.42339,1.00,1.00
2015.09.25 06:36:41.831,1.42314,1.42339,1.00,1.00
2015.09.25 06:36:41.932,1.4232,1.42342,1.00,1.00
2015.09.25 06:36:42.445,1.42318,1.42342,1.00,1.00
2015.09.25 06:36:42.496,1.42308,1.42336,1.37,1.00
2015.09.25 06:36:42.547,1.4231,1.42336,1.00,1.00
2015.09.25 06:36:42.699,1.42311,1.4234,1.50,1.00
2015.09.25 06:36:43.053,1.4231,1.42336,1.00,1.00
2015.09.25 06:36:43.547,1.42308,1.42339,1.00,1.00
2015.09.25 06:36:44.418,1.42308,1.4234,1.00,1.00
2015.09.25 06:36:51.182,1.42308,1.42341,1.00,1.00
2015.09.25 06:36:51.488,1.42308,1.42343,1.00,1.00
2015.09.25 06:36:52.124,1.4231,1.42343,1.00,1.00
2015.09.25 06:36:52.672,1.42311,1.42343,1.00,1.00
2015.09.25 06:36:52.979,1.42315,1.42346,1.00,1.00
2015.09.25 06:36:53.568,1.42317,1.42346,1.00,1.00
2015.09.25 06:36:53.872,1.42321,1.42346,1.00,1.00
2015.09.25 06:36:54.909,1.42321,1.42348,1.00,1.00
2015.09.25 06:36:56.108,1.42321,1.42349,1.00,1.00
2015.09.25 06:36:56.696,1.42322,1.42349,1.00,1.00
2015.09.25 06:36:57.258,1.42322,1.4235,1.00,1.00
2015.09.25 06:36:58.127,1.42322,1.42347,1.00,1.00
2015.09.25 06:37:00.169,1.42321,1.42347,1.00,1.00
2015.09.25 06:37:00.522,1.42321,1.42345,1.00,1.00
2015.09.25 06:37:01.587,1.42318,1.42345,1.00,1.00
2015.09.25 06:37:01.638,1.42317,1.42343,1.00,1.00
2015.09.25 06:37:02.185,1.42316,1.42343,1.00,1.00
2015.09.25 06:37:02.875,1.42317,1.42342,1.00,1.00
2015.09.25 06:37:03.745,1.42317,1.42341,1.00,1.00
2015.09.25 06:37:04.266,1.42316,1.42341,1.00,1.00
2015.09.25 06:37:04.808,1.42316,1.4234,1.00,1.00
2015.09.25 06:37:07.800,1.42316,1.42341,1.00,1.00
2015.09.25 06:37:08.660,1.42317,1.42341,1.00,1.00
2015.09.25 06:37:09.221,1.42316,1.4234,1.00,1.00
2015.09.25 06:37:11.549,1.42317,1.4234,1.00,1.00
2015.09.25 06:37:12.068,1.42316,1.4234,1.00,1.00
2015.09.25 06:37:13.713,1.42317,1.42341,1.00,1.00
2015.09.25 06:37:13.828,1.42317,1.42345,1.00,1.00
2015.09.25 06:37:14.279,1.42329,1.42345,1.00,1.00
2015.09.25 06:37:14.380,1.42329,1.42352,1.00,1.00
2015.09.25 06:37:14.431,1.4234,1.42354,1.00,1.00
2015.09.25 06:37:14.633,1.42334,1.42359,1.00,1.00
2015.09.25 06:37:15.173,1.4231,1.42345,1.00,1.00
2015.09.25 06:37:15.325,1.42306,1.42345,1.50,1.00
2015.09.25 06:37:15.578,1.42314,1.42345,1.00,1.50
2015.09.25 06:37:16.082,1.42315,1.42345,1.00,1.00
2015.09.25 06:37:16.183,1.42315,1.42348,1.00,1.00
2015.09.25 06:37:16.307,1.42331,1.42348,1.00,1.00
2015.09.25 06:37:16.782,1.42322,1.4235,1.00,1.50
2015.09.25 06:37:16.939,1.42313,1.42345,1.50,1.00
2015.09.25 06:37:17.041,1.42315,1.42345,1.00,1.00
2015.09.25 06:37:17.143,1.42315,1.4235,1.00,1.00
2015.09.25 06:37:17.721,1.42318,1.4235,1.00,1.00
2015.09.25 06:37:17.823,1.42316,1.4235,1.00,1.00
2015.09.25 06:37:18.376,1.42316,1.42352,1.50,1.00
2015.09.25 06:37:19.031,1.42322,1.42352,1.00,1.00
2015.09.25 06:37:19.612,1.42324,1.42352,1.00,1.00
2015.09.25 06:37:21.578,1.42326,1.42352,1.00,1.00
2015.09.25 06:37:21.679,1.42326,1.42356,1.00,1.00
2015.09.25 06:37:23.058,1.42326,1.42358,1.00,1.00
2015.09.25 06:37:23.838,1.42326,1.42359,1.00,1.00
2015.09.25 06:37:25.261,1.42326,1.42358,1.00,1.00
2015.09.25 06:37:31.571,1.42326,1.42359,1.00,1.50
2015.09.25 06:37:32.858,1.42326,1.42358,1.00,1.00
2015.09.25 06:37:34.027,1.42337,1.42358,1.00,1.00
2015.09.25 06:37:34.699,1.42337,1.42362,1.00,1.00
2015.09.25 06:37:34.750,1.42324,1.42358,1.00,1.00
2015.09.25 06:37:34.952,1.42323,1.42356,1.00,1.00
2015.09.25 06:37:35.340,1.42326,1.42356,1.00,1.00
2015.09.25 06:37:35.937,1.42326,1.42358,1.00,1.50
2015.09.25 06:37:36.428,1.42341,1.42352,1.00,1.00
2015.09.25 06:37:36.630,1.42341,1.42366,1.00,1.00
2015.09.25 06:37:37.587,1.42341,1.42367,1.00,1.00
2015.09.25 06:37:38.722,1.42331,1.42361,1.00,1.00
2015.09.25 06:37:39.025,1.42327,1.42361,1.00,1.50
2015.09.25 06:37:39.521,1.42329,1.42361,1.00,1.50
2015.09.25 06:37:40.030,1.4234,1.42364,1.00,1.00
2015.09.25 06:37:40.916,1.4234,1.42366,1.00,1.00
2015.09.25 06:37:41.941,1.42342,1.42366,1.00,1.00
2015.09.25 06:37:42.458,1.42343,1.42375,1.00,1.10
2015.09.25 06:37:43.277,1.42345,1.42375,1.00,1.10
2015.09.25 06:37:43.955,1.42354,1.42376,1.00,1.00
2015.09.25 06:37:44.008,1.42354,1.42385,1.00,1.57
2015.09.25 06:37:44.297,1.42352,1.42385,1.00,1.57
2015.09.25 06:37:44.410,1.42352,1.42383,1.00,1.00
2015.09.25 06:37:44.576,1.42349,1.42382,1.00,1.00
2015.09.25 06:37:44.979,1.42348,1.42379,1.00,1.00
2015.09.25 06:37:50.027,1.42345,1.42379,1.00,1.50
2015.09.25 06:37:50.092,1.42345,1.42376,1.00,1.00
2015.09.25 06:37:50.395,1.42345,1.4237,1.00,1.00
2015.09.25 06:37:50.697,1.42348,1.42382,1.00,1.50
2015.09.25 06:37:51.823,1.42346,1.4238,1.00,1.00
2015.09.25 06:37:53.645,1.42346,1.42382,1.00,1.00
2015.09.25 06:37:59.049,1.42345,1.42381,1.00,1.00
2015.09.25 06:38:02.785,1.42345,1.4238,1.00,1.00
2015.09.25 06:38:04.800,1.42345,1.42377,1.00,1.00
2015.09.25 06:38:07.418,1.42345,1.42379,1.00,1.00
2015.09.25 06:38:08.616,1.42345,1.42377,1.00,1.00
2015.09.25 06:38:11.922,1.42345,1.42379,1.00,1.00
2015.09.25 06:38:13.921,1.42345,1.42378,1.00,1.00
2015.09.25 06:38:17.005,1.42345,1.42377,1.00,1.00
2015.09.25 06:38:17.858,1.42345,1.42376,1.00,1.00
2015.09.25 06:38:21.740,1.42345,1.42373,1.00,1.00
2015.09.25 06:38:23.481,1.42345,1.42369,1.00,1.00
2015.09.25 06:38:24.456,1.42345,1.42371,1.50,1.00
2015.09.25 06:38:25.687,1.42345,1.42372,1.50,1.00
2015.09.25 06:38:26.767,1.42345,1.42373,1.50,1.00
2015.09.25 06:38:28.487,1.42345,1.42372,1.50,1.00
2015.09.25 06:38:32.377,1.42345,1.42374,1.00,1.00
2015.09.25 06:38:43.319,1.42345,1.42373,1.50,1.00
2015.09.25 06:38:50.213,1.42345,1.42372,1.00,1.00
2015.09.25 06:38:52.330,1.42344,1.42372,1.00,1.00
2015.09.25 06:38:52.883,1.42344,1.42371,1.00,1.00
2015.09.25 06:38:53.571,1.42345,1.42371,1.00,1.00
2015.09.25 06:38:54.531,1.42345,1.4237,1.00,1.00
2015.09.25 06:38:54.633,1.42337,1.4237,3.75,1.50
2015.09.25 06:38:55.053,1.42334,1.4236,1.00,1.00
2015.09.25 06:38:55.104,1.4233,1.4236,1.00,1.00
2015.09.25 06:38:55.156,1.42328,1.4236,1.00,1.00
2015.09.25 06:38:55.257,1.42326,1.4236,1.00,1.00
2015.09.25 06:38:55.309,1.42326,1.42354,1.00,1.00
2015.09.25 06:38:55.830,1.42325,1.42354,1.50,1.00
2015.09.25 06:38:56.550,1.42326,1.42354,1.00,1.00
2015.09.25 06:38:56.854,1.42326,1.42351,1.00,1.00
2015.09.25 06:38:57.005,1.42325,1.42355,1.00,1.00
2015.09.25 06:38:57.157,1.42329,1.42357,1.00,1.00
2015.09.25 06:38:57.811,1.42325,1.42357,1.00,1.00
2015.09.25 06:38:59.894,1.42328,1.42357,1.00,1.00
2015.09.25 06:38:59.995,1.42331,1.42364,1.00,1.00
2015.09.25 06:39:00.248,1.42328,1.42364,1.00,1.00
2015.09.25 06:39:00.349,1.42325,1.42359,1.50,1.00
2015.09.25 06:39:01.687,1.42325,1.4236,1.50,1.00
2015.09.25 06:39:01.990,1.4234,1.42367,1.00,1.00
2015.09.25 06:39:02.191,1.4234,1.4237,1.00,1.00
2015.09.25 06:39:02.390,1.4234,1.42372,1.00,1.00
2015.09.25 06:39:02.667,1.4234,1.42368,1.00,1.00
2015.09.25 06:39:02.718,1.42334,1.42368,1.50,1.00
2015.09.25 06:39:03.333,1.42326,1.42362,1.00,1.00
2015.09.25 06:39:03.439,1.42326,1.42359,1.00,1.00
2015.09.25 06:39:04.030,1.42325,1.42359,2.25,1.00
2015.09.25 06:39:05.770,1.42324,1.42355,1.00,1.00
2015.09.25 06:39:06.074,1.42341,1.42364,1.00,1.00
2015.09.25 06:39:06.125,1.42341,1.42366,1.00,1.00
2015.09.25 06:39:07.553,1.42341,1.42368,1.00,1.00
2015.09.25 06:39:08.191,1.4234,1.42368,1.00,1.00
2015.09.25 06:39:08.906,1.42341,1.42368,1.00,1.50
2015.09.25 06:39:09.453,1.42343,1.42368,1.00,1.50
2015.09.25 06:39:09.959,1.42343,1.42367,1.00,1.00
2015.09.25 06:39:10.316,1.42343,1.42363,1.00,1.00
2015.09.25 06:39:11.011,1.42339,1.42347,1.00,1.00
2015.09.25 06:39:11.061,1.42321,1.42347,1.12,1.00
2015.09.25 06:39:11.867,1.42321,1.42346,1.12,1.00
2015.09.25 06:39:12.418,1.42321,1.42349,1.12,1.50
2015.09.25 06:39:13.097,1.42338,1.42348,1.00,1.00
2015.09.25 06:39:13.210,1.42338,1.42353,1.00,1.00
2015.09.25 06:39:13.522,1.42339,1.42357,1.50,1.00
2015.09.25 06:39:13.624,1.42331,1.42358,1.00,1.00
2015.09.25 06:39:13.725,1.42322,1.42358,1.10,1.00
2015.09.25 06:39:14.734,1.42321,1.42357,1.87,1.00
2015.09.25 06:39:15.831,1.42323,1.42357,1.00,1.00
2015.09.25 06:39:17.049,1.42322,1.42357,1.10,1.00
2015.09.25 06:39:18.861,1.42323,1.42357,1.00,1.50
2015.09.25 06:39:19.348,1.42323,1.42352,1.00,1.00
2015.09.25 06:39:19.651,1.42322,1.42344,1.00,1.00
2015.09.25 06:39:20.160,1.42322,1.42347,1.00,1.00
2015.09.25 06:39:20.709,1.42323,1.42347,1.00,1.00
2015.09.25 06:39:21.046,1.42322,1.42338,1.00,1.00
2015.09.25 06:39:21.147,1.42314,1.42338,1.00,1.00
2015.09.25 06:39:21.662,1.42302,1.42335,1.42,1.00
2015.09.25 06:39:24.806,1.42302,1.42337,2.17,1.00
2015.09.25 06:39:24.857,1.42305,1.42339,1.57,1.00
2015.09.25 06:39:25.276,1.42341,1.42353,1.00,1.00
2015.09.25 06:39:25.327,1.42341,1.42362,1.00,2.25
2015.09.25 06:39:25.378,1.42335,1.42359,1.00,1.00
2015.09.25 06:39:25.479,1.42332,1.4235,1.00,1.00
2015.09.25 06:39:25.530,1.42328,1.4235,1.00,1.00
2015.09.25 06:39:25.631,1.42317,1.42346,1.50,1.00
2015.09.25 06:39:25.682,1.42339,1.42346,1.00,1.00
2015.09.25 06:39:25.884,1.42327,1.42362,1.50,1.22
2015.09.25 06:39:26.086,1.4232,1.42353,1.00,1.00
2015.09.25 06:39:26.984,1.4232,1.42352,1.00,1.00
2015.09.25 06:39:27.388,1.42319,1.42349,1.00,1.00
2015.09.25 06:39:27.892,1.4232,1.42344,1.00,1.00
2015.09.25 06:39:28.786,1.42317,1.42348,1.06,1.00
2015.09.25 06:39:28.837,1.42316,1.42344,1.06,1.00
2015.09.25 06:39:29.530,1.42317,1.42344,1.06,1.50
2015.09.25 06:39:31.336,1.42316,1.42343,1.06,1.00
2015.09.25 06:39:32.061,1.42319,1.42343,1.00,1.00
2015.09.25 06:39:32.483,1.42317,1.42343,1.00,1.00
2015.09.25 06:39:33.060,1.42317,1.42344,1.00,1.50
2015.09.25 06:39:33.932,1.42316,1.42344,1.00,1.50
2015.09.25 06:39:35.268,1.42309,1.42336,1.00,1.00
2015.09.25 06:39:35.839,1.42309,1.42335,1.00,1.00
2015.09.25 06:39:36.515,1.4231,1.42335,1.00,1.00
2015.09.25 06:39:37.000,1.4231,1.42333,1.00,1.00
2015.09.25 06:39:37.506,1.4231,1.42335,1.00,1.00
2015.09.25 06:39:38.015,1.42309,1.42335,1.10,1.00
2015.09.25 06:39:38.591,1.4231,1.42335,1.00,1.00
2015.09.25 06:39:38.747,1.4231,1.42332,1.00,1.00
2015.09.25 06:39:39.795,1.42309,1.42332,1.10,1.00
2015.09.25 06:39:41.041,1.4232,1.42345,1.00,1.12
2015.09.25 06:39:41.142,1.42312,1.42345,1.50,1.87
2015.09.25 06:39:41.192,1.42312,1.42339,1.00,1.00
2015.09.25 06:39:41.243,1.42309,1.42339,1.10,1.50
2015.09.25 06:39:41.511,1.42301,1.42332,1.75,1.00
2015.09.25 06:39:42.017,1.42301,1.42332,1.12,1.00
2015.09.25 06:39:43.446,1.42301,1.42337,2.62,1.10
2015.09.25 06:39:43.556,1.42301,1.42337,3.00,1.10
2015.09.25 06:39:44.263,1.42301,1.42337,3.00,1.00
2015.09.25 06:39:44.830,1.42302,1.42338,1.75,1.50
2015.09.25 06:39:45.870,1.42301,1.42335,3.00,1.00
2015.09.25 06:39:46.521,1.42311,1.42335,1.00,1.00
2015.09.25 06:39:46.776,1.42321,1.42346,1.00,1.50
2015.09.25 06:39:47.372,1.42321,1.42347,1.00,1.10
2015.09.25 06:39:48.866,1.42321,1.42341,1.00,1.00
2015.09.25 06:39:49.068,1.42304,1.42333,1.12,1.00
2015.09.25 06:39:49.320,1.423,1.42332,1.37,1.00
2015.09.25 06:39:49.386,1.423,1.42328,1.37,1.00
2015.09.25 06:39:50.138,1.423,1.42316,1.37,1.00
2015.09.25 06:39:50.290,1.4229,1.42316,1.75,1.00
2015.09.25 06:39:50.391,1.4229,1.42316,1.07,1.00
2015.09.25 06:39:50.492,1.4229,1.42317,1.10,1.00
2015.09.25 06:39:51.000,1.42291,1.42313,1.00,1.00
2015.09.25 06:39:51.522,1.4229,1.42312,1.00,1.00
2015.09.25 06:39:51.573,1.42279,1.42305,1.07,1.00
2015.09.25 06:39:51.674,1.42273,1.42302,1.75,1.00
2015.09.25 06:39:51.725,1.42273,1.42302,1.50,1.00
2015.09.25 06:39:51.776,1.42273,1.42297,1.50,1.00
2015.09.25 06:39:52.079,1.42271,1.42294,1.75,1.00
2015.09.25 06:39:52.180,1.42271,1.42303,2.25,1.00
2015.09.25 06:39:52.483,1.42268,1.42304,2.25,1.00
2015.09.25 06:39:52.534,1.42267,1.42298,1.75,1.00
2015.09.25 06:39:53.012,1.42266,1.42298,1.75,1.00
2015.09.25 06:39:53.067,1.42264,1.42294,1.75,1.00
2015.09.25 06:39:53.218,1.42264,1.423,1.75,1.00
2015.09.25 06:39:53.723,1.42271,1.423,1.07,1.00
2015.09.25 06:39:54.858,1.42272,1.42301,1.07,1.00
2015.09.25 06:39:55.112,1.42272,1.42304,1.07,1.00
2015.09.25 06:39:56.581,1.42265,1.42304,1.75,1.10
2015.09.25 06:39:58.331,1.42269,1.42299,1.37,1.00
2015.09.25 06:39:58.584,1.42269,1.42303,1.37,1.00
2015.09.25 06:39:59.259,1.42271,1.42305,1.07,1.00
2015.09.25 06:39:59.918,1.42272,1.42306,1.07,1.10
2015.09.25 06:40:00.069,1.42275,1.42306,1.07,1.00
2015.09.25 06:40:00.718,1.42275,1.42307,1.07,1.10
2015.09.25 06:40:01.026,1.42279,1.4231,1.07,1.10
2015.09.25 06:40:01.719,1.42279,1.42307,1.07,1.00
2015.09.25 06:40:03.168,1.42277,1.42309,1.07,1.00
2015.09.25 06:40:03.476,1.42273,1.42309,1.37,1.57
2015.09.25 06:40:04.068,1.42273,1.42307,1.37,1.00
2015.09.25 06:40:06.600,1.4228,1.42304,2.25,1.00
2015.09.25 06:40:06.656,1.42291,1.42316,1.00,1.12
2015.09.25 06:40:06.908,1.42283,1.42312,1.12,1.50
2015.09.25 06:40:07.010,1.42276,1.42312,1.07,1.57
2015.09.25 06:40:07.111,1.42276,1.42312,1.07,2.32
2015.09.25 06:40:07.212,1.42275,1.42311,1.87,1.10
2015.09.25 06:40:07.435,1.42275,1.42308,1.12,1.00
2015.09.25 06:40:08.082,1.42272,1.42307,1.75,1.00
2015.09.25 06:40:09.511,1.42277,1.4231,1.07,1.07
2015.09.25 06:40:12.903,1.42277,1.4231,1.07,1.00
2015.09.25 06:40:13.004,1.42277,1.42308,1.07,1.00
2015.09.25 06:40:24.406,1.42275,1.42307,1.37,1.00
2015.09.25 06:40:24.721,1.42271,1.42305,1.75,1.00
2015.09.25 06:40:24.822,1.42271,1.42305,1.75,1.00
2015.09.25 06:40:25.934,1.42271,1.423,1.75,1.00
2015.09.25 06:40:26.035,1.42271,1.423,1.12,1.00
2015.09.25 06:40:26.489,1.42265,1.42298,1.75,1.00
2015.09.25 06:40:29.377,1.42281,1.42298,1.00,1.00
2015.09.25 06:40:29.428,1.42281,1.42305,1.00,1.10
2015.09.25 06:40:29.864,1.4228,1.42308,1.00,1.00
2015.09.25 06:40:30.412,1.4228,1.42306,1.00,1.00
2015.09.25 06:40:31.660,1.4228,1.42307,1.00,1.00
2015.09.25 06:40:32.203,1.42283,1.42314,1.50,1.50
2015.09.25 06:40:32.304,1.42284,1.42315,1.57,1.07
2015.09.25 06:40:32.507,1.42288,1.42314,1.00,1.10
2015.09.25 06:40:32.810,1.42292,1.42316,1.00,1.07
2015.09.25 06:40:33.339,1.42281,1.4231,1.07,1.00
2015.09.25 06:40:33.390,1.42281,1.42308,1.07,1.00
2015.09.25 06:40:34.734,1.42281,1.42305,1.07,1.00
2015.09.25 06:40:36.479,1.42281,1.42304,1.57,1.00
2015.09.25 06:40:37.452,1.42281,1.42306,1.07,1.00
2015.09.25 06:40:38.702,1.42281,1.42307,1.07,1.00
2015.09.25 06:40:39.908,1.42281,1.42306,1.07,1.00
2015.09.25 06:40:45.037,1.42281,1.4231,1.07,1.00
2015.09.25 06:40:46.035,1.42281,1.4231,1.07,1.00
2015.09.25 06:40:46.866,1.42281,1.42309,1.07,1.00
2015.09.25 06:40:48.643,1.42281,1.42307,1.50,1.50
2015.09.25 06:40:48.996,1.42281,1.42305,1.50,1.00
2015.09.25 06:40:49.498,1.42281,1.42307,1.50,1.50
2015.09.25 06:40:50.145,1.42281,1.42308,1.00,1.50
2015.09.25 06:40:50.597,1.42281,1.4231,1.57,1.00
2015.09.25 06:40:50.882,1.42281,1.42308,1.57,1.00
2015.09.25 06:40:55.154,1.4228,1.42303,1.10,1.00
2015.09.25 06:40:57.163,1.4228,1.42306,1.10,1.10
2015.09.25 06:40:57.587,1.4228,1.42306,1.07,1.00
2015.09.25 06:40:59.572,1.4228,1.42303,1.07,1.00
2015.09.25 06:41:00.925,1.4228,1.42302,1.07,1.00
2015.09.25 06:41:01.991,1.4228,1.42301,1.07,1.00
2015.09.25 06:41:02.212,1.4228,1.42303,1.07,1.00
2015.09.25 06:41:03.234,1.42281,1.42305,1.07,1.00
2015.09.25 06:41:03.302,1.42281,1.42305,1.00,1.00
2015.09.25 06:41:03.862,1.42281,1.42306,1.00,1.00
2015.09.25 06:41:05.182,1.42281,1.42305,1.00,1.00
2015.09.25 06:41:08.207,1.42281,1.42303,1.00,1.00
2015.09.25 06:41:11.593,1.42275,1.42303,1.00,1.00
2015.09.25 06:41:11.643,1.42281,1.42303,1.00,1.00
2015.09.25 06:41:11.946,1.42271,1.42303,1.00,1.07
2015.09.25 06:41:12.048,1.42267,1.42297,1.07,1.50
2015.09.25 06:41:12.561,1.4226,1.42293,1.12,1.00
2015.09.25 06:41:12.763,1.42258,1.42293,1.12,1.00
2015.09.25 06:41:13.194,1.42258,1.42285,1.12,1.00
2015.09.25 06:41:13.752,1.42254,1.42285,1.75,1.00
2015.09.25 06:41:14.092,1.42254,1.42287,1.75,1.00
2015.09.25 06:41:15.302,1.42254,1.42288,1.75,1.50
2015.09.25 06:41:24.439,1.42255,1.4229,1.75,2.25
2015.09.25 06:41:30.320,1.42277,1.42291,1.00,1.00
2015.09.25 06:41:30.371,1.4228,1.4231,1.00,1.37
2015.09.25 06:41:30.625,1.4228,1.4231,1.00,1.07
2015.09.25 06:41:30.827,1.42281,1.42308,1.00,1.12
2015.09.25 06:41:31.686,1.42272,1.42303,1.50,1.50
2015.09.25 06:41:32.263,1.42258,1.42292,1.75,1.00
2015.09.25 06:41:32.314,1.42258,1.42292,1.37,1.00
2015.09.25 06:41:33.033,1.42262,1.42293,1.07,1.57
2015.09.25 06:41:38.418,1.42269,1.42293,1.00,1.50
2015.09.25 06:41:38.620,1.4227,1.423,1.50,1.12
2015.09.25 06:41:39.123,1.42271,1.42299,1.00,1.07
2015.09.25 06:41:39.174,1.42266,1.42299,1.07,1.57
2015.09.25 06:41:39.275,1.42266,1.42295,1.00,1.57
2015.09.25 06:41:39.725,1.42263,1.4229,1.07,1.00
2015.09.25 06:41:40.264,1.42263,1.42289,1.00,1.00
2015.09.25 06:41:40.415,1.42259,1.4229,1.07,1.00
2015.09.25 06:41:44.218,1.42259,1.42289,1.07,1.00
2015.09.25 06:41:45.548,1.42259,1.42289,1.00,1.07
2015.09.25 06:41:46.250,1.42258,1.42289,1.00,1.07
2015.09.25 06:41:47.485,1.42258,1.42287,1.00,1.00
2015.09.25 06:41:48.017,1.42258,1.42286,1.00,1.00
2015.09.25 06:41:48.068,1.42263,1.42286,1.00,1.00
2015.09.25 06:41:48.408,1.4227,1.42294,1.00,1.12
2015.09.25 06:41:50.098,1.4227,1.42297,1.00,1.12
2015.09.25 06:41:50.826,1.42271,1.42293,1.00,1.10
2015.09.25 06:41:51.020,1.42276,1.42293,1.00,1.10
2015.09.25 06:41:51.273,1.42281,1.42302,1.00,1.07
2015.09.25 06:41:51.481,1.42281,1.42309,1.00,2.25
2015.09.25 06:41:51.532,1.42278,1.42306,1.00,1.75
2015.09.25 06:41:51.794,1.42274,1.423,1.00,1.12
2015.09.25 06:41:53.138,1.42271,1.42294,1.00,1.00
2015.09.25 06:41:53.197,1.42269,1.42294,1.57,1.00
2015.09.25 06:41:53.298,1.42273,1.42294,1.00,1.50
2015.09.25 06:41:53.500,1.42271,1.42295,1.00,1.10
2015.09.25 06:41:53.602,1.42271,1.42295,1.00,1.37
2015.09.25 06:41:53.905,1.42264,1.42292,1.00,1.57
2015.09.25 06:41:53.956,1.42259,1.42292,1.57,1.57
2015.09.25 06:41:54.443,1.42259,1.42288,1.00,1.00
2015.09.25 06:41:54.752,1.42257,1.42286,1.10,1.00
2015.09.25 06:41:56.795,1.42263,1.42286,1.00,1.00
2015.09.25 06:41:57.102,1.4228,1.42302,1.00,1.42
2015.09.25 06:41:57.152,1.42271,1.42296,1.00,3.37
2015.09.25 06:41:57.691,1.42259,1.42291,1.00,1.50
2015.09.25 06:41:57.901,1.42255,1.42287,1.57,1.57
2015.09.25 06:41:59.357,1.42254,1.42285,1.07,1.00
2015.09.25 06:41:59.512,1.42254,1.42285,1.10,1.07
2015.09.25 06:41:59.808,1.42259,1.42284,1.00,1.10
2015.09.25 06:42:00.159,1.4226,1.42282,1.00,1.00
2015.09.25 06:42:00.210,1.4226,1.42284,1.00,1.10
2015.09.25 06:42:01.130,1.42261,1.42287,1.50,1.87
2015.09.25 06:42:01.188,1.42261,1.42287,1.00,1.00
2015.09.25 06:42:01.727,1.42264,1.42293,1.00,1.07
2015.09.25 06:42:03.517,1.42264,1.42292,1.00,1.37
2015.09.25 06:42:05.280,1.42263,1.42291,1.00,2.62
2015.09.25 06:42:25.022,1.42261,1.4229,1.00,1.07
2015.09.25 06:42:25.187,1.42255,1.42289,1.57,1.07
2015.09.25 06:42:25.629,1.42255,1.42285,1.07,1.00
2015.09.25 06:42:26.143,1.42255,1.42285,1.10,1.10
2015.09.25 06:42:29.777,1.42255,1.42284,1.10,1.00
2015.09.25 06:42:29.924,1.42255,1.42282,1.10,1.00
2015.09.25 06:42:32.552,1.42255,1.42281,1.10,1.00
2015.09.25 06:42:53.371,1.42256,1.42281,1.00,1.50
2015.09.25 06:42:57.595,1.42255,1.42286,2.32,1.07
2015.09.25 06:42:58.146,1.42256,1.42288,1.50,1.07
2015.09.25 06:42:58.641,1.42255,1.42285,1.12,1.00
2015.09.25 06:43:02.441,1.42255,1.42285,1.07,1.00
2015.09.25 06:43:02.978,1.42255,1.42282,1.07,1.00
2015.09.25 06:43:04.108,1.42256,1.42284,1.10,1.00
2015.09.25 06:43:04.995,1.42258,1.42286,1.00,1.00
2015.09.25 06:43:05.647,1.42256,1.42286,1.10,1.00
2015.09.25 06:43:12.281,1.42263,1.42287,1.00,1.00
2015.09.25 06:43:12.793,1.42263,1.42291,1.50,1.07
2015.09.25 06:43:12.894,1.42259,1.42291,1.10,1.57
2015.09.25 06:43:20.127,1.42265,1.42291,1.00,1.07
2015.09.25 06:43:20.178,1.42259,1.42291,1.10,1.57
2015.09.25 06:43:20.470,1.42259,1.4229,1.00,1.07
2015.09.25 06:43:21.142,1.42258,1.4229,1.00,1.07
2015.09.25 06:43:24.531,1.4226,1.4229,1.00,1.07
2015.09.25 06:43:25.520,1.42265,1.42291,1.00,1.87
2015.09.25 06:43:25.885,1.4227,1.42291,1.00,1.10
2015.09.25 06:43:26.191,1.42266,1.42293,1.00,2.32
2015.09.25 06:43:26.393,1.42266,1.42289,1.00,1.00
2015.09.25 06:43:26.443,1.42259,1.42289,1.07,1.00
2015.09.25 06:43:26.520,1.42259,1.42289,1.10,1.10
2015.09.25 06:43:27.782,1.42259,1.42287,1.10,1.00
2015.09.25 06:43:28.101,1.42256,1.42286,1.07,1.07
2015.09.25 06:43:28.736,1.42256,1.42284,1.07,1.00
2015.09.25 06:43:29.756,1.42256,1.42281,1.07,1.00
2015.09.25 06:43:39.822,1.42256,1.42287,1.07,1.07
2015.09.25 06:43:39.923,1.42271,1.42288,1.00,1.12
2015.09.25 06:43:39.974,1.42271,1.4229,1.00,1.07
2015.09.25 06:43:40.125,1.4226,1.4229,1.00,1.07
2015.09.25 06:43:40.176,1.42266,1.42293,1.00,1.57
2015.09.25 06:43:40.378,1.42261,1.42289,1.10,1.00
2015.09.25 06:43:41.376,1.4226,1.42289,1.00,1.10
2015.09.25 06:43:42.438,1.42264,1.42294,1.10,1.07
2015.09.25 06:43:43.356,1.42265,1.42293,1.00,1.07
2015.09.25 06:43:44.086,1.42265,1.42291,1.00,1.00
2015.09.25 06:43:45.924,1.42264,1.42291,1.57,1.00
2015.09.25 06:43:46.324,1.42266,1.42291,1.00,1.00
2015.09.25 06:43:46.677,1.4227,1.42291,1.00,1.00
2015.09.25 06:43:47.876,1.42271,1.42296,1.00,1.00
2015.09.25 06:43:47.977,1.42271,1.423,1.00,1.10
2015.09.25 06:43:48.203,1.42275,1.423,1.00,1.10
2015.09.25 06:43:49.177,1.42275,1.42299,1.00,1.00
2015.09.25 06:43:54.097,1.42275,1.423,1.00,1.10
2015.09.25 06:43:54.640,1.42274,1.42301,1.00,1.00
2015.09.25 06:43:55.159,1.42274,1.42304,1.10,1.07
2015.09.25 06:43:56.415,1.42274,1.42301,1.10,1.00
2015.09.25 06:43:57.675,1.42274,1.42301,1.07,1.00
2015.09.25 06:43:58.222,1.42276,1.42301,1.00,1.00
2015.09.25 06:44:06.693,1.42278,1.42301,1.00,1.00
2015.09.25 06:44:09.547,1.42276,1.42301,1.00,1.00
2015.09.25 06:44:10.796,1.42276,1.42305,1.00,1.10
2015.09.25 06:44:10.847,1.42287,1.42312,1.00,1.10
2015.09.25 06:44:11.631,1.42289,1.42312,1.00,1.00
2015.09.25 06:44:12.278,1.42289,1.42311,1.00,1.00
2015.09.25 06:44:13.302,1.42289,1.4231,1.00,1.00
2015.09.25 06:44:13.506,1.42281,1.42305,1.50,1.00
2015.09.25 06:44:14.022,1.4228,1.42305,1.10,1.00
2015.09.25 06:44:14.408,1.42277,1.42302,1.37,1.00
2015.09.25 06:44:14.709,1.42277,1.42302,1.07,1.00
2015.09.25 06:44:15.506,1.42277,1.42301,1.07,1.00
2015.09.25 06:44:16.325,1.42278,1.42306,1.10,1.10
2015.09.25 06:44:16.476,1.42279,1.4231,1.10,1.07
2015.09.25 06:44:17.345,1.4229,1.42307,1.00,1.00
2015.09.25 06:44:17.396,1.4229,1.42311,1.00,1.10
2015.09.25 06:44:17.447,1.42286,1.42311,1.00,1.07
2015.09.25 06:44:17.713,1.42281,1.42309,1.07,1.00
2015.09.25 06:44:20.536,1.42279,1.42306,1.07,1.00
2015.09.25 06:44:20.687,1.42277,1.42305,1.07,1.00
2015.09.25 06:44:21.209,1.42275,1.42305,1.57,1.50
2015.09.25 06:44:21.806,1.42275,1.42304,1.57,1.00
2015.09.25 06:44:22.366,1.42275,1.42301,1.07,1.00
2015.09.25 06:44:25.309,1.42274,1.42308,1.57,1.50
2015.09.25 06:44:25.359,1.42274,1.42306,1.57,1.00
2015.09.25 06:44:25.662,1.42279,1.42306,1.00,1.00
2015.09.25 06:44:25.965,1.42279,1.42302,1.00,1.00
2015.09.25 06:44:26.167,1.42269,1.42303,1.37,1.00
2015.09.25 06:44:31.446,1.42274,1.42303,1.07,1.00
2015.09.25 06:44:31.870,1.42274,1.42305,1.57,1.00
2015.09.25 06:44:32.395,1.42276,1.42306,1.07,1.00
2015.09.25 06:44:41.012,1.42276,1.42308,1.12,1.00
2015.09.25 06:44:46.029,1.42278,1.42306,1.07,1.00
2015.09.25 06:44:46.201,1.42273,1.42306,1.87,1.10
2015.09.25 06:44:46.986,1.42273,1.42303,1.87,1.00
2015.09.25 06:44:47.152,1.42274,1.42309,1.12,1.87
2015.09.25 06:44:47.203,1.42279,1.42309,1.10,1.10
2015.09.25 06:44:48.203,1.42281,1.42309,1.12,1.00
2015.09.25 06:44:48.622,1.42297,1.42316,1.50,1.15
2015.09.25 06:44:48.673,1.42297,1.42316,1.50,1.07
2015.09.25 06:44:48.724,1.42297,1.42323,1.00,1.37
2015.09.25 06:44:48.775,1.42294,1.42323,2.40,1.37
2015.09.25 06:44:48.876,1.42294,1.42323,3.15,1.07
2015.09.25 06:44:48.927,1.42296,1.42331,1.10,1.07
2015.09.25 06:44:49.029,1.42302,1.42331,1.00,1.07
2015.09.25 06:44:49.080,1.42296,1.42331,1.07,1.07
2015.09.25 06:44:49.282,1.42299,1.42333,1.07,1.00
2015.09.25 06:44:49.508,1.42296,1.4234,1.12,1.37
2015.09.25 06:44:49.954,1.42305,1.42345,1.00,2.25
2015.09.25 06:44:50.261,1.42306,1.42348,1.00,1.75
2015.09.25 06:44:50.362,1.42306,1.42348,1.10,1.12
2015.09.25 06:44:50.464,1.42304,1.4235,1.50,1.37
2015.09.25 06:44:50.616,1.42304,1.4235,1.50,1.07
2015.09.25 06:44:50.718,1.42307,1.42355,1.12,1.00
2015.09.25 06:44:50.920,1.42307,1.42358,1.07,1.75
2015.09.25 06:44:51.601,1.42307,1.42366,1.00,1.75
2015.09.25 06:44:51.709,1.42307,1.42367,1.00,1.75
2015.09.25 06:44:52.036,1.42307,1.42373,1.07,1.57
2015.09.25 06:44:52.238,1.42307,1.42373,1.12,2.25
2015.09.25 06:44:52.576,1.42302,1.4236,1.75,1.00
2015.09.25 06:44:53.332,1.42299,1.42351,1.75,1.50
2015.09.25 06:44:53.433,1.42299,1.42349,1.50,1.00
2015.09.25 06:44:53.623,1.42295,1.42323,1.12,1.00
2015.09.25 06:44:53.674,1.42294,1.42332,1.12,1.00
2015.09.25 06:44:53.984,1.42293,1.42343,1.75,1.75
2015.09.25 06:44:54.419,1.42293,1.42343,1.50,1.75
2015.09.25 06:44:54.921,1.42293,1.42339,1.37,1.75
2015.09.25 06:45:01.509,1.42292,1.42338,1.37,1.75
2015.09.25 06:45:01.987,1.42292,1.42338,1.12,1.75
2015.09.25 06:45:02.704,1.42289,1.42338,1.50,1.75
2015.09.25 06:45:03.458,1.42288,1.42338,1.50,1.75
2015.09.25 06:45:03.661,1.42288,1.42338,1.75,3.00
2015.09.25 06:45:03.990,1.42288,1.42338,1.75,1.75
2015.09.25 06:45:07.099,1.42293,1.42327,1.37,1.00
2015.09.25 06:45:07.200,1.42291,1.42323,1.00,1.07
2015.09.25 06:45:07.407,1.42291,1.42323,1.00,1.12
2015.09.25 06:45:08.288,1.42287,1.42321,1.07,1.07
2015.09.25 06:45:08.798,1.42287,1.42321,1.00,1.07
2015.09.25 06:45:09.176,1.42285,1.42323,2.62,1.57
2015.09.25 06:45:09.378,1.42285,1.42323,1.07,1.07
2015.09.25 06:45:09.731,1.42282,1.42327,1.75,1.07
2015.09.25 06:45:12.042,1.42282,1.42327,1.37,2.25
2015.09.25 06:45:12.143,1.42282,1.42327,1.37,2.25
2015.09.25 06:45:15.657,1.42281,1.42328,1.75,1.00
2015.09.25 06:45:15.915,1.4228,1.42329,1.75,1.12
2015.09.25 06:45:18.227,1.42294,1.42338,1.50,1.37
2015.09.25 06:45:20.547,1.42302,1.4234,1.00,2.25
2015.09.25 06:45:20.849,1.42304,1.42342,1.07,1.50
2015.09.25 06:45:21.784,1.42304,1.42344,1.07,1.50
2015.09.25 06:45:21.835,1.42312,1.42346,1.00,1.75
2015.09.25 06:45:22.174,1.42315,1.42347,1.00,1.75
2015.09.25 06:45:22.477,1.4232,1.42354,1.00,1.75
2015.09.25 06:45:23.261,1.42321,1.42348,1.50,1.07
2015.09.25 06:45:23.312,1.42323,1.42353,1.00,1.75
2015.09.25 06:45:23.362,1.42323,1.42353,1.00,1.37
2015.09.25 06:45:23.804,1.42323,1.42353,1.00,1.75
2015.09.25 06:45:23.930,1.42322,1.42355,1.00,1.75
2015.09.25 06:45:24.942,1.42323,1.42355,1.00,1.75
2015.09.25 06:45:28.212,1.42323,1.42355,1.50,1.75
2015.09.25 06:45:28.466,1.42305,1.42339,1.07,1.07
2015.09.25 06:45:28.628,1.42305,1.42339,1.10,1.07
2015.09.25 06:45:28.679,1.4231,1.4234,1.00,1.07
2015.09.25 06:45:29.452,1.42305,1.42347,1.10,2.25
2015.09.25 06:45:30.568,1.42318,1.42347,1.00,1.75
2015.09.25 06:45:30.618,1.42318,1.42347,1.00,1.37
2015.09.25 06:45:30.669,1.42321,1.42347,1.00,1.37
2015.09.25 06:45:31.309,1.42322,1.42354,1.50,1.75
2015.09.25 06:45:31.890,1.42323,1.42354,1.00,1.75
2015.09.25 06:45:31.940,1.42323,1.42354,1.00,1.75
2015.09.25 06:45:33.027,1.42322,1.42354,1.00,1.75
2015.09.25 06:45:33.136,1.42322,1.42354,1.00,1.37
2015.09.25 06:45:37.017,1.42322,1.42344,1.50,1.00
2015.09.25 06:45:37.320,1.42321,1.42338,1.00,1.12
2015.09.25 06:45:37.471,1.42307,1.42338,1.10,1.87
2015.09.25 06:45:38.892,1.42307,1.42338,1.00,2.25
2015.09.25 06:45:38.953,1.42305,1.42333,1.00,1.12
2015.09.25 06:45:39.206,1.423,1.42337,1.07,1.37
2015.09.25 06:45:39.661,1.42296,1.42331,1.07,1.07
2015.09.25 06:45:40.493,1.42322,1.42355,1.50,1.75
2015.09.25 06:45:40.983,1.42322,1.42355,1.57,1.12
2015.09.25 06:45:44.090,1.42323,1.42355,1.00,1.12
2015.09.25 06:45:45.039,1.42321,1.42355,2.25,2.25
2015.09.25 06:45:45.456,1.42321,1.42352,2.32,1.07
2015.09.25 06:45:46.144,1.42322,1.42354,1.00,1.12
2015.09.25 06:45:54.377,1.42321,1.42351,1.57,1.10
2015.09.25 06:45:55.305,1.42322,1.4235,1.00,1.00
2015.09.25 06:45:59.316,1.42322,1.4235,1.00,1.07
2015.09.25 06:45:59.430,1.42322,1.4235,1.00,1.07
2015.09.25 06:46:00.807,1.4232,1.4235,1.95,1.07
2015.09.25 06:46:00.858,1.4232,1.4235,1.12,1.37
2015.09.25 06:46:01.160,1.42321,1.42343,1.00,1.00
2015.09.25 06:46:01.311,1.4232,1.42349,1.12,1.12
2015.09.25 06:46:01.412,1.42319,1.42349,1.12,1.75
2015.09.25 06:46:02.365,1.42321,1.42345,1.00,1.37
2015.09.25 06:46:02.415,1.42321,1.42345,1.00,1.07
2015.09.25 06:46:03.166,1.42321,1.42345,1.00,1.00
2015.09.25 06:46:04.257,1.4232,1.4235,1.05,1.07
2015.09.25 06:46:18.863,1.42335,1.42347,1.00,1.00
2015.09.25 06:46:23.556,1.42335,1.42345,1.00,1.00
2015.09.25 06:46:23.607,1.42324,1.42339,1.00,1.00
2015.09.25 06:46:23.658,1.42324,1.42339,1.00,1.07
2015.09.25 06:46:23.709,1.42315,1.4234,1.30,1.12
2015.09.25 06:46:24.239,1.42321,1.42345,1.00,1.75
2015.09.25 06:46:24.290,1.42321,1.42348,1.00,1.12
2015.09.25 06:46:24.833,1.42321,1.4235,1.00,1.37
2015.09.25 06:46:25.824,1.42322,1.4235,1.00,1.37
2015.09.25 06:46:33.025,1.42321,1.4235,1.00,1.37
2015.09.25 06:46:48.082,1.42322,1.42349,1.00,1.12
2015.09.25 06:47:02.676,1.42323,1.42351,1.00,1.50
2015.09.25 06:47:10.209,1.42324,1.4235,1.00,1.37
2015.09.25 06:47:10.411,1.42326,1.4235,1.00,1.10
2015.09.25 06:47:16.613,1.42331,1.42352,1.00,1.57
2015.09.25 06:47:16.664,1.42331,1.42352,1.00,1.00
2015.09.25 06:47:17.203,1.42331,1.42355,1.50,1.07
2015.09.25 06:47:18.255,1.4233,1.42357,2.25,1.87
2015.09.25 06:47:24.898,1.4233,1.42353,1.00,1.12
2015.09.25 06:47:25.429,1.42327,1.4235,1.50,1.00
2015.09.25 06:47:25.480,1.42317,1.42344,1.87,1.00
2015.09.25 06:47:25.985,1.42316,1.42345,1.80,1.00
2015.09.25 06:47:28.017,1.42319,1.42347,1.12,1.00
2015.09.25 06:47:28.219,1.42321,1.42347,1.12,1.00
2015.09.25 06:47:28.390,1.42321,1.42351,1.12,1.00
2015.09.25 06:47:29.597,1.42325,1.42351,1.00,1.00
2015.09.25 06:47:35.577,1.42325,1.42351,1.00,1.07
2015.09.25 06:47:55.830,1.42325,1.4235,1.00,1.10
2015.09.25 06:48:03.264,1.42324,1.42351,1.50,1.07
2015.09.25 06:48:03.662,1.42331,1.42353,1.00,1.10
2015.09.25 06:48:04.441,1.4233,1.42355,1.50,1.07
2015.09.25 06:48:05.284,1.4233,1.42352,1.50,1.00
2015.09.25 06:48:06.346,1.42325,1.42351,1.00,1.10
2015.09.25 06:48:11.259,1.42325,1.42351,1.00,1.07
2015.09.25 06:48:13.273,1.42325,1.42346,1.00,1.00
2015.09.25 06:48:13.374,1.42321,1.42346,1.10,1.00
2015.09.25 06:48:13.626,1.42321,1.42348,1.00,1.00
2015.09.25 06:48:14.079,1.42321,1.4235,1.00,1.10
2015.09.25 06:48:14.834,1.42324,1.4235,1.00,1.10
2015.09.25 06:48:15.196,1.42324,1.42348,1.00,1.10
2015.09.25 06:48:21.277,1.42324,1.42345,1.00,1.00
2015.09.25 06:48:21.432,1.42321,1.42345,1.10,1.00
2015.09.25 06:48:23.054,1.42321,1.42344,1.00,1.00
2015.09.25 06:48:28.536,1.42314,1.42339,1.30,1.07
2015.09.25 06:48:29.275,1.42314,1.42341,1.80,1.00
2015.09.25 06:48:30.324,1.42316,1.42344,1.30,1.00
2015.09.25 06:48:33.277,1.42316,1.42346,1.30,1.07
2015.09.25 06:48:33.797,1.42316,1.42346,1.30,1.07
2015.09.25 06:48:36.674,1.42315,1.42345,1.00,1.10
2015.09.25 06:48:37.675,1.42316,1.42348,1.00,1.07
2015.09.25 06:48:39.396,1.42317,1.42349,1.00,1.12
2015.09.25 06:48:44.897,1.42318,1.42349,1.00,1.12
2015.09.25 06:48:58.675,1.42319,1.42349,1.00,1.12
2015.09.25 06:48:59.855,1.4232,1.42349,1.00,1.12
2015.09.25 06:49:04.585,1.42319,1.42349,1.00,1.12
2015.09.25 06:49:20.968,1.4232,1.42349,1.00,1.12
2015.09.25 06:49:24.585,1.4232,1.42349,1.00,1.50
2015.09.25 06:49:35.851,1.42319,1.42349,1.00,1.50
2015.09.25 06:49:37.419,1.42317,1.42349,1.00,1.50
2015.09.25 06:49:49.566,1.42316,1.42349,1.00,1.50
2015.09.25 06:49:52.093,1.42315,1.42349,1.00,1.50
2015.09.25 06:49:58.005,1.42316,1.42349,1.00,1.50
2015.09.25 06:50:08.130,1.42315,1.42349,1.00,2.25
2015.09.25 06:50:08.652,1.42313,1.42349,1.07,2.25
2015.09.25 06:50:08.703,1.42312,1.42344,1.50,1.12
2015.09.25 06:50:18.500,1.42312,1.42347,1.50,1.37
2015.09.25 06:50:19.906,1.42316,1.4235,1.00,1.75
2015.09.25 06:50:26.435,1.42318,1.42351,1.00,1.50
2015.09.25 06:50:27.043,1.42321,1.42351,1.00,1.50
2015.09.25 06:50:32.323,1.42323,1.42351,1.00,1.50
2015.09.25 06:50:34.385,1.4233,1.42353,1.00,2.25
2015.09.25 06:50:34.596,1.4233,1.42358,1.00,1.75
2015.09.25 06:50:35.855,1.42332,1.42359,1.00,1.75
2015.09.25 06:50:35.906,1.42332,1.42359,1.00,1.57
2015.09.25 06:50:36.108,1.42332,1.42364,1.10,1.37
2015.09.25 06:50:36.671,1.42333,1.42365,1.10,1.37
2015.09.25 06:50:37.207,1.42335,1.42365,1.00,1.37
2015.09.25 06:50:37.560,1.42334,1.42364,1.00,1.37
2015.09.25 06:50:37.762,1.42334,1.42364,1.00,1.57
2015.09.25 06:50:38.611,1.42333,1.42363,1.00,1.07
2015.09.25 06:50:40.023,1.42331,1.42363,1.10,1.07
2015.09.25 06:50:42.523,1.4233,1.42356,1.07,1.00
2015.09.25 06:50:42.852,1.42328,1.42356,1.00,1.12
2015.09.25 06:50:43.538,1.42328,1.42355,1.00,1.75
2015.09.25 06:50:48.865,1.42316,1.42337,1.10,1.00
2015.09.25 06:50:48.968,1.42306,1.42329,1.50,1.00
2015.09.25 06:50:49.170,1.42297,1.4233,1.75,1.50
2015.09.25 06:50:49.221,1.42294,1.4233,1.50,1.00
2015.09.25 06:50:49.373,1.42292,1.42334,3.00,1.07
2015.09.25 06:50:49.424,1.42292,1.4233,1.00,1.75
2015.09.25 06:50:49.727,1.42282,1.4233,1.07,1.75
2015.09.25 06:50:49.778,1.4228,1.42328,1.75,1.75
2015.09.25 06:50:50.405,1.42277,1.42328,2.25,1.75
2015.09.25 06:50:53.073,1.42288,1.42322,1.00,1.37
2015.09.25 06:50:53.174,1.42291,1.42322,1.10,1.00
2015.09.25 06:50:53.225,1.42295,1.42322,1.00,1.00
2015.09.25 06:50:53.376,1.42295,1.42326,1.00,1.07
2015.09.25 06:50:53.806,1.42295,1.42326,1.10,1.00
2015.09.25 06:50:54.343,1.42296,1.42328,1.00,1.07
2015.09.25 06:50:55.612,1.42297,1.42328,1.50,1.07
2015.09.25 06:50:56.020,1.42297,1.42322,1.57,1.00
2015.09.25 06:50:56.252,1.42292,1.42322,1.00,1.07
2015.09.25 06:50:57.162,1.4229,1.42322,1.50,2.25
2015.09.25 06:50:57.705,1.4229,1.42322,1.57,1.87
2015.09.25 06:51:01.032,1.42291,1.42322,1.00,1.37
2015.09.25 06:51:02.296,1.42292,1.42322,1.00,1.37
2015.09.25 06:51:08.331,1.42292,1.42317,1.00,1.00
2015.09.25 06:51:08.634,1.42285,1.42308,1.00,1.07
2015.09.25 06:51:08.886,1.42291,1.42321,1.00,1.12
2015.09.25 06:51:09.189,1.42293,1.42324,1.00,1.75
2015.09.25 06:51:26.240,1.4229,1.42323,1.50,2.25
2015.09.25 06:51:27.402,1.42291,1.42323,1.00,1.75
2015.09.25 06:51:29.577,1.42291,1.42323,1.00,1.50
2015.09.25 06:51:30.689,1.42291,1.42323,1.50,1.12
2015.09.25 06:51:36.104,1.42302,1.42327,1.00,1.75
2015.09.25 06:51:36.407,1.42311,1.4233,1.00,1.00
2015.09.25 06:51:36.458,1.42315,1.4233,1.00,1.00
2015.09.25 06:51:36.509,1.42315,1.42344,1.00,1.07
2015.09.25 06:51:37.496,1.42316,1.42349,1.00,1.50
2015.09.25 06:51:38.065,1.42317,1.42348,1.00,1.12
2015.09.25 06:51:38.474,1.42319,1.4235,1.00,1.75
2015.09.25 06:51:38.947,1.42319,1.4235,1.00,1.75
2015.09.25 06:51:39.440,1.4231,1.42344,1.50,1.37
2015.09.25 06:51:39.495,1.42307,1.42345,1.10,1.37
2015.09.25 06:51:39.721,1.42307,1.42345,1.10,1.75
2015.09.25 06:51:40.273,1.42308,1.42348,1.00,2.25
2015.09.25 06:51:40.916,1.4231,1.42344,1.00,1.50
2015.09.25 06:51:42.661,1.42308,1.42344,1.00,1.50
2015.09.25 06:51:43.851,1.42307,1.42343,1.10,1.37
2015.09.25 06:51:45.201,1.42306,1.42342,1.00,2.25
2015.09.25 06:51:45.742,1.42301,1.42336,1.07,1.07
2015.09.25 06:51:47.481,1.42301,1.42335,1.07,1.07
2015.09.25 06:52:11.571,1.42303,1.42336,1.00,1.12
2015.09.25 06:52:15.130,1.42305,1.42338,1.00,1.37
2015.09.25 06:52:16.539,1.42303,1.42339,1.00,1.50
2015.09.25 06:52:16.774,1.42305,1.4234,1.00,1.37
2015.09.25 06:52:20.704,1.42307,1.42341,1.00,2.25
2015.09.25 06:52:20.957,1.42304,1.4234,1.07,1.12
2015.09.25 06:52:22.948,1.42308,1.42344,1.00,2.25
2015.09.25 06:52:32.082,1.42309,1.42345,1.00,2.25
2015.09.25 06:52:33.291,1.42311,1.42345,1.00,2.25
2015.09.25 06:52:36.495,1.4231,1.42344,1.00,1.75
2015.09.25 06:52:38.793,1.42306,1.4234,1.10,1.12
2015.09.25 06:52:46.242,1.42306,1.4234,1.00,1.87
2015.09.25 06:52:47.585,1.42302,1.42336,1.10,1.07
2015.09.25 06:52:56.930,1.42303,1.42337,1.00,1.07
2015.09.25 06:52:57.720,1.42304,1.42338,1.00,1.12
2015.09.25 06:52:58.426,1.42306,1.42338,1.00,1.12
2015.09.25 06:52:58.477,1.42306,1.42338,1.00,1.07
2015.09.25 06:52:58.683,1.42312,1.42342,1.00,1.12
2015.09.25 06:52:59.865,1.42311,1.42346,1.50,1.75
2015.09.25 06:53:00.411,1.42312,1.42348,1.00,1.75
2015.09.25 06:53:02.076,1.42311,1.42347,1.50,1.75
2015.09.25 06:53:04.945,1.42311,1.42347,1.00,1.37
2015.09.25 06:53:05.645,1.42312,1.42348,1.00,1.87
2015.09.25 06:53:14.055,1.4231,1.42346,1.10,1.12
2015.09.25 06:53:14.851,1.42312,1.42346,1.00,1.12
2015.09.25 06:53:27.070,1.42313,1.42347,1.00,1.37
2015.09.25 06:53:28.244,1.42311,1.42347,1.00,1.37
2015.09.25 06:53:29.761,1.42316,1.4235,1.00,1.75
2015.09.25 06:53:33.000,1.42318,1.42352,1.00,2.25
2015.09.25 06:53:35.452,1.42316,1.42352,1.00,2.25
2015.09.25 06:53:41.833,1.42318,1.42352,1.00,1.75
2015.09.25 06:53:48.995,1.42316,1.42352,1.00,1.75
2015.09.25 06:54:05.555,1.42315,1.4235,1.00,1.75
2015.09.25 06:54:06.917,1.42313,1.42349,1.00,1.50
2015.09.25 06:54:09.259,1.42315,1.42349,1.00,1.50
2015.09.25 06:54:22.841,1.42312,1.42348,1.57,1.37
2015.09.25 06:54:40.098,1.42313,1.42348,1.00,1.37
2015.09.25 06:54:40.455,1.42315,1.42351,1.00,2.25
2015.09.25 06:54:57.266,1.42315,1.42349,1.10,1.12
2015.09.25 06:55:10.133,1.42317,1.42351,1.50,1.37
2015.09.25 06:55:12.217,1.4232,1.42353,1.00,1.75
2015.09.25 06:55:30.090,1.42318,1.42354,1.00,3.00
2015.09.25 06:55:31.150,1.42317,1.42353,1.50,1.75
2015.09.25 06:55:40.755,1.4231,1.42346,1.57,1.07
2015.09.25 06:55:43.179,1.42313,1.42349,1.00,2.25
2015.09.25 06:55:44.347,1.42315,1.42349,1.00,1.75
2015.09.25 06:55:45.555,1.42316,1.42349,1.00,1.12
2015.09.25 06:55:45.887,1.42319,1.42353,1.00,2.25
2015.09.25 06:56:02.388,1.42318,1.42353,1.00,1.50
2015.09.25 06:56:11.936,1.42317,1.42353,1.50,2.25
2015.09.25 06:56:12.838,1.42319,1.42353,1.00,2.25
2015.09.25 06:56:14.068,1.42318,1.42352,1.00,1.37
2015.09.25 06:56:17.457,1.42317,1.42352,1.00,1.37
2015.09.25 06:56:26.492,1.42317,1.4235,1.00,1.75
2015.09.25 06:56:26.543,1.42314,1.42346,1.00,1.07
2015.09.25 06:56:27.071,1.42314,1.42342,1.00,1.10
2015.09.25 06:56:29.379,1.42318,1.42344,1.00,1.07
2015.09.25 06:56:30.076,1.42318,1.42349,1.00,1.12
2015.09.25 06:56:39.476,1.42317,1.4235,1.00,1.37
2015.09.25 06:56:41.378,1.42319,1.42353,1.00,2.25
2015.09.25 06:56:42.428,1.42321,1.42353,1.00,2.25
2015.09.25 06:56:43.659,1.42319,1.42353,1.00,2.25
2015.09.25 06:56:48.813,1.42318,1.42352,1.00,1.50
2015.09.25 06:56:51.888,1.42318,1.42331,1.50,1.00
2015.09.25 06:56:52.962,1.42318,1.4233,1.00,1.00
2015.09.25 06:56:53.017,1.423,1.4233,1.07,1.00
2015.09.25 06:56:53.169,1.423,1.4233,1.07,1.07
2015.09.25 06:56:55.939,1.42301,1.42323,1.10,1.00
2015.09.25 06:56:56.253,1.42313,1.42331,1.00,1.00
2015.09.25 06:56:56.405,1.42314,1.42343,1.00,1.87
2015.09.25 06:56:56.506,1.42314,1.42345,1.10,1.00
2015.09.25 06:56:56.626,1.42319,1.42353,1.00,1.75
2015.09.25 06:56:58.387,1.4232,1.42354,1.00,2.25
2015.09.25 06:56:59.641,1.4232,1.42329,1.00,1.00
2015.09.25 06:56:59.743,1.423,1.4233,1.10,1.07
2015.09.25 06:56:59.793,1.42305,1.4233,1.00,1.07
2015.09.25 06:56:59.995,1.42316,1.42346,1.00,1.12
2015.09.25 06:57:00.547,1.42316,1.42351,1.00,1.75
2015.09.25 06:57:00.651,1.42316,1.42351,1.10,1.50
2015.09.25 06:57:00.702,1.42321,1.42351,1.00,1.50
2015.09.25 06:57:05.499,1.42319,1.42353,1.00,1.75
2015.09.25 06:57:08.658,1.4232,1.42354,1.00,3.00
2015.09.25 06:57:10.198,1.42321,1.42353,1.00,1.75
2015.09.25 06:57:10.377,1.42321,1.42355,1.00,2.25
2015.09.25 06:57:11.366,1.42323,1.42355,1.00,2.25
2015.09.25 06:57:12.955,1.42321,1.42355,1.00,1.75
2015.09.25 06:57:15.483,1.42323,1.42355,1.00,1.75
2015.09.25 06:57:16.646,1.4232,1.42355,1.00,1.75
2015.09.25 06:57:23.226,1.42321,1.42355,1.00,3.00
2015.09.25 06:57:24.148,1.42322,1.42355,1.00,2.25
2015.09.25 06:57:24.916,1.42317,1.42353,1.50,1.50
2015.09.25 06:57:29.110,1.42315,1.42351,1.57,1.07
2015.09.25 06:57:37.168,1.42315,1.42348,1.57,1.07
2015.09.25 06:58:38.033,1.42313,1.42347,1.57,2.25
2015.09.25 06:58:58.503,1.42313,1.42341,1.07,1.00
2015.09.25 06:59:00.827,1.42313,1.4234,1.07,1.00
2015.09.25 06:59:02.070,1.42313,1.42342,1.07,1.57
2015.09.25 06:59:33.006,1.42313,1.42346,1.10,1.12
2015.09.25 06:59:37.137,1.42314,1.42346,1.00,1.12
2015.09.25 06:59:38.201,1.42314,1.42346,1.07,1.07
2015.09.25 06:59:38.261,1.42322,1.42348,1.00,1.07
2015.09.25 06:59:49.567,1.42323,1.42348,1.00,1.07
2015.09.25 06:59:52.196,1.42324,1.42348,1.00,1.07
2015.09.25 06:59:54.956,1.42323,1.42348,1.00,1.07
2015.09.25 06:59:56.155,1.42322,1.42348,1.00,1.07
