2016.04.21 11:00:00.546,1.34581,1.34605,1.07,1.12
2016.04.21 11:00:09.432,1.34582,1.34605,1.50,1.12
2016.04.21 11:00:10.331,1.34582,1.34608,1.07,1.12
2016.04.21 11:00:11.565,1.34581,1.3461,1.42,1.50
2016.04.21 11:00:11.666,1.34583,1.34611,2.17,1.07
2016.04.21 11:00:11.767,1.34588,1.34613,1.42,1.37
2016.04.21 11:00:11.919,1.34592,1.34618,1.37,1.37
2016.04.21 11:00:11.970,1.34592,1.34618,1.42,1.12
2016.04.21 11:00:12.071,1.34592,1.34618,1.42,1.00
2016.04.21 11:00:12.618,1.34592,1.3462,2.92,1.07
2016.04.21 11:00:13.810,1.34595,1.34626,4.42,1.75
2016.04.21 11:00:14.112,1.34597,1.34628,4.42,1.75
2016.04.21 11:00:15.303,1.346,1.3463,1.75,1.75
2016.04.21 11:00:15.404,1.346,1.3463,1.75,1.37
2016.04.21 11:00:15.506,1.346,1.3463,1.75,1.75
2016.04.21 11:00:19.554,1.34597,1.34626,2.92,1.37
2016.04.21 11:00:19.782,1.34598,1.34626,1.75,1.37
2016.04.21 11:00:20.003,1.34598,1.34626,2.92,1.07
2016.04.21 11:00:21.969,1.346,1.34632,1.42,2.17
2016.04.21 11:00:26.049,1.34599,1.34631,1.42,1.42
2016.04.21 11:00:26.302,1.34599,1.34629,1.42,1.75
2016.04.21 11:00:26.605,1.34596,1.34629,2.17,1.75
2016.04.21 11:00:27.949,1.34596,1.34628,2.17,1.42
2016.04.21 11:00:30.140,1.34596,1.34627,1.75,2.17
2016.04.21 11:00:30.241,1.34593,1.34626,2.17,1.75
2016.04.21 11:00:31.318,1.34593,1.34624,1.75,1.42
2016.04.21 11:00:31.470,1.34592,1.34624,1.75,2.17
2016.04.21 11:00:31.691,1.3459,1.34622,2.25,1.75
2016.04.21 11:00:34.326,1.34589,1.3462,2.17,1.75
2016.04.21 11:00:34.729,1.34585,1.34616,2.17,1.37
2016.04.21 11:00:35.138,1.34585,1.34615,1.42,1.50
2016.04.21 11:00:35.395,1.34583,1.34615,2.92,2.17
2016.04.21 11:00:38.696,1.34584,1.34613,1.75,1.75
2016.04.21 11:00:43.126,1.34581,1.34609,1.75,1.12
2016.04.21 11:00:43.227,1.34581,1.34609,1.75,1.12
2016.04.21 11:00:44.752,1.34581,1.34608,2.25,1.07
2016.04.21 11:00:49.794,1.34583,1.3461,1.75,1.07
2016.04.21 11:00:52.893,1.34583,1.3461,2.25,1.37
2016.04.21 11:00:53.455,1.34581,1.3461,2.25,1.50
2016.04.21 11:00:53.945,1.34581,1.34608,1.75,1.50
2016.04.21 11:00:54.453,1.34579,1.34608,4.42,1.75
2016.04.21 11:00:54.783,1.34579,1.34607,3.00,1.50
2016.04.21 11:00:57.641,1.34578,1.34604,1.75,1.12
2016.04.21 11:00:58.262,1.34578,1.34604,1.50,1.12
2016.04.21 11:00:58.522,1.34578,1.34603,1.10,1.10
2016.04.21 11:00:59.508,1.34576,1.34603,1.57,1.10
2016.04.21 11:00:59.694,1.34576,1.34601,1.57,1.00
2016.04.21 11:01:00.839,1.34576,1.34602,1.57,1.00
2016.04.21 11:01:03.689,1.34578,1.34602,1.00,1.00
2016.04.21 11:01:07.656,1.34578,1.34604,1.00,1.07
2016.04.21 11:01:07.959,1.34577,1.34604,1.50,1.12
2016.04.21 11:01:09.959,1.34577,1.34604,1.50,1.75
2016.04.21 11:01:11.575,1.34577,1.34601,1.07,1.07
2016.04.21 11:01:12.093,1.34577,1.34601,1.12,1.07
2016.04.21 11:01:21.970,1.34577,1.346,2.25,1.00
2016.04.21 11:01:22.547,1.34577,1.34604,2.25,1.37
2016.04.21 11:01:23.060,1.34577,1.34604,2.25,1.12
2016.04.21 11:01:26.032,1.34578,1.34604,1.75,1.07
2016.04.21 11:01:27.323,1.3458,1.34604,2.25,1.10
2016.04.21 11:01:35.249,1.34579,1.34607,3.00,1.12
2016.04.21 11:01:37.329,1.3458,1.34606,1.75,1.07
2016.04.21 11:01:38.563,1.34578,1.34606,2.25,1.50
2016.04.21 11:01:49.008,1.3458,1.34604,1.07,1.07
2016.04.21 11:01:49.746,1.3458,1.34602,1.07,1.00
2016.04.21 11:01:50.293,1.34578,1.34602,1.12,1.10
2016.04.21 11:01:50.815,1.34578,1.34601,1.12,1.00
2016.04.21 11:01:51.299,1.34577,1.34601,1.50,1.12
2016.04.21 11:01:51.976,1.34577,1.34604,1.75,1.50
2016.04.21 11:01:52.523,1.34577,1.34606,1.75,1.37
2016.04.21 11:01:53.812,1.34579,1.34608,1.75,1.50
2016.04.21 11:01:59.664,1.3458,1.34609,1.75,1.50
2016.04.21 11:01:59.885,1.34582,1.34611,1.75,1.50
2016.04.21 11:02:00.188,1.34582,1.34611,1.75,1.50
2016.04.21 11:02:02.765,1.34583,1.34614,3.67,1.75
2016.04.21 11:02:03.667,1.34585,1.34614,1.75,1.75
2016.04.21 11:02:03.768,1.34585,1.34614,1.75,1.12
2016.04.21 11:02:03.920,1.34587,1.34614,1.42,1.10
2016.04.21 11:02:09.705,1.34588,1.34621,2.25,2.17
2016.04.21 11:02:10.839,1.34591,1.34622,1.75,1.75
2016.04.21 11:02:13.445,1.34593,1.34625,1.42,1.42
2016.04.21 11:02:14.912,1.34594,1.34626,2.92,1.42
2016.04.21 11:02:15.215,1.34598,1.34628,1.42,1.75
2016.04.21 11:02:15.316,1.34598,1.3463,1.42,2.92
2016.04.21 11:02:15.564,1.346,1.34633,1.75,2.17
2016.04.21 11:02:15.665,1.346,1.34633,1.75,2.17
2016.04.21 11:02:21.847,1.346,1.34631,1.50,1.42
2016.04.21 11:02:22.177,1.34599,1.34631,1.75,1.42
2016.04.21 11:02:29.982,1.346,1.34632,1.42,1.42
2016.04.21 11:02:31.285,1.34601,1.34634,1.75,2.17
2016.04.21 11:02:31.737,1.34602,1.34634,2.92,1.42
2016.04.21 11:02:34.891,1.34606,1.34637,1.42,2.25
2016.04.21 11:02:35.207,1.34606,1.34638,1.42,2.17
2016.04.21 11:02:37.549,1.34607,1.34639,1.42,2.92
2016.04.21 11:02:39.956,1.34607,1.34639,2.92,1.42
2016.04.21 11:02:40.209,1.34607,1.34639,2.92,1.42
2016.04.21 11:02:42.273,1.34607,1.34638,2.17,1.75
2016.04.21 11:02:43.146,1.34607,1.34638,1.50,2.17
2016.04.21 11:02:43.816,1.34605,1.34634,1.75,1.75
2016.04.21 11:02:44.285,1.34602,1.34631,1.75,1.75
2016.04.21 11:02:45.543,1.34599,1.3463,2.25,2.17
2016.04.21 11:02:45.594,1.34599,1.34625,1.75,1.07
2016.04.21 11:02:45.695,1.34598,1.34625,1.75,1.12
2016.04.21 11:02:45.898,1.34597,1.34625,1.75,1.50
2016.04.21 11:02:46.786,1.34597,1.34625,1.50,1.75
2016.04.21 11:02:47.577,1.34595,1.34624,1.75,1.12
2016.04.21 11:02:48.103,1.34595,1.34622,1.75,1.07
2016.04.21 11:02:51.694,1.34596,1.3462,1.75,1.00
2016.04.21 11:02:52.264,1.34594,1.3462,2.25,1.07
2016.04.21 11:02:57.128,1.34595,1.3462,1.75,1.00
2016.04.21 11:02:57.680,1.34596,1.34623,1.75,1.12
2016.04.21 11:03:05.760,1.34594,1.3462,2.92,1.00
2016.04.21 11:03:06.296,1.34594,1.3462,1.75,1.07
2016.04.21 11:03:08.027,1.34594,1.3462,1.75,1.07
2016.04.21 11:03:11.307,1.34594,1.34623,2.25,1.37
2016.04.21 11:03:12.656,1.34594,1.34623,1.75,1.12
2016.04.21 11:03:25.522,1.34596,1.34625,1.75,1.50
2016.04.21 11:03:27.019,1.34596,1.34623,1.75,1.37
2016.04.21 11:03:27.833,1.34593,1.34622,2.25,1.37
2016.04.21 11:03:30.565,1.34596,1.34624,2.25,1.37
2016.04.21 11:03:33.783,1.34595,1.34624,1.75,1.50
2016.04.21 11:03:34.539,1.34596,1.34624,1.75,1.50
2016.04.21 11:03:42.464,1.34595,1.34625,1.75,1.75
2016.04.21 11:03:49.155,1.34596,1.34625,2.25,1.75
2016.04.21 11:03:50.506,1.34597,1.34628,1.75,2.17
2016.04.21 11:04:02.694,1.34597,1.34628,3.00,2.17
2016.04.21 11:04:03.022,1.34599,1.3463,3.67,1.75
2016.04.21 11:04:03.123,1.34602,1.3463,1.50,1.50
2016.04.21 11:04:04.334,1.34602,1.34632,1.75,1.75
2016.04.21 11:04:10.190,1.346,1.34629,3.00,1.75
2016.04.21 11:04:44.378,1.34601,1.34631,1.75,1.50
2016.04.21 11:04:44.923,1.34604,1.34635,1.50,2.17
2016.04.21 11:04:45.176,1.34608,1.34634,1.07,1.50
2016.04.21 11:04:45.512,1.34608,1.34638,1.75,1.42
2016.04.21 11:04:47.485,1.34609,1.3464,1.75,2.17
2016.04.21 11:04:48.035,1.34611,1.3464,1.50,2.17
2016.04.21 11:04:49.663,1.34611,1.3464,1.75,2.25
2016.04.21 11:04:50.738,1.34612,1.34641,1.75,1.37
2016.04.21 11:04:51.291,1.34612,1.34641,1.75,1.75
2016.04.21 11:04:53.849,1.34612,1.34643,1.75,2.17
2016.04.21 11:04:54.420,1.34612,1.34643,3.67,1.50
2016.04.21 11:04:55.034,1.34614,1.34643,1.75,1.50
2016.04.21 11:04:56.281,1.34615,1.34644,1.75,1.50
2016.04.21 11:04:58.462,1.34617,1.34645,1.75,1.50
2016.04.21 11:04:58.563,1.34616,1.34647,2.25,2.62
2016.04.21 11:04:59.915,1.34616,1.34647,2.25,2.92
2016.04.21 11:05:00.586,1.34616,1.34646,2.25,1.37
2016.04.21 11:05:00.788,1.34616,1.34646,1.75,1.75
2016.04.21 11:05:01.224,1.34613,1.34642,2.25,1.12
2016.04.21 11:05:01.325,1.34613,1.34642,1.50,1.75
2016.04.21 11:05:01.826,1.3461,1.34639,1.75,1.37
2016.04.21 11:05:03.536,1.3461,1.34639,1.75,1.37
2016.04.21 11:05:05.517,1.3461,1.34639,1.75,1.37
2016.04.21 11:05:08.246,1.3461,1.34639,2.17,1.12
2016.04.21 11:05:11.801,1.34613,1.34639,1.75,1.12
2016.04.21 11:05:13.007,1.34611,1.3464,1.75,1.50
2016.04.21 11:05:18.288,1.34611,1.34641,1.75,1.50
2016.04.21 11:05:20.467,1.34613,1.34641,1.42,1.37
2016.04.21 11:05:21.045,1.34611,1.3464,1.42,1.12
2016.04.21 11:05:26.632,1.34613,1.34642,1.75,1.50
2016.04.21 11:05:27.798,1.34615,1.34644,1.75,1.50
2016.04.21 11:05:30.693,1.34616,1.34644,1.75,1.50
2016.04.21 11:05:35.161,1.34617,1.34646,2.25,1.50
2016.04.21 11:05:37.553,1.34616,1.34646,2.17,1.75
2016.04.21 11:05:38.095,1.34615,1.34646,2.17,2.25
2016.04.21 11:05:42.751,1.34616,1.34644,1.75,1.37
2016.04.21 11:05:45.562,1.34618,1.34647,1.75,1.50
2016.04.21 11:05:47.887,1.34618,1.34648,2.25,1.37
2016.04.21 11:05:52.189,1.34619,1.34649,2.25,2.25
2016.04.21 11:05:52.408,1.34622,1.34649,2.25,1.37
2016.04.21 11:05:52.509,1.34625,1.34651,2.17,1.57
2016.04.21 11:05:52.611,1.34629,1.3466,1.75,1.50
2016.04.21 11:05:52.763,1.34636,1.34664,1.00,1.00
2016.04.21 11:05:52.814,1.34636,1.34672,1.00,1.00
2016.04.21 11:05:52.864,1.34634,1.34659,1.00,1.00
2016.04.21 11:05:52.915,1.34628,1.34659,2.25,1.00
2016.04.21 11:05:52.966,1.34628,1.34655,1.00,1.00
2016.04.21 11:05:53.117,1.34623,1.34654,1.00,1.00
2016.04.21 11:05:53.168,1.34627,1.34654,1.00,1.00
2016.04.21 11:05:53.219,1.34627,1.34663,1.50,1.00
2016.04.21 11:05:53.405,1.34632,1.34671,1.42,1.00
2016.04.21 11:05:53.456,1.34633,1.34673,1.75,1.00
2016.04.21 11:05:53.507,1.34633,1.34674,1.75,1.00
2016.04.21 11:05:53.608,1.34633,1.34674,2.92,1.00
2016.04.21 11:05:53.659,1.34641,1.34675,1.00,1.00
2016.04.21 11:05:53.962,1.34636,1.34673,1.75,1.50
2016.04.21 11:05:54.063,1.34636,1.34673,1.07,1.10
2016.04.21 11:05:54.214,1.34639,1.34676,1.00,2.62
2016.04.21 11:05:54.416,1.34635,1.34674,1.57,1.10
2016.04.21 11:05:54.602,1.34635,1.34666,1.12,1.05
2016.04.21 11:05:54.911,1.34635,1.34666,1.75,1.42
2016.04.21 11:05:55.213,1.34629,1.3466,1.75,1.42
2016.04.21 11:05:55.264,1.34629,1.34659,1.75,1.42
2016.04.21 11:05:56.916,1.34628,1.34658,1.75,1.42
2016.04.21 11:05:58.701,1.34626,1.34657,1.75,1.42
2016.04.21 11:06:06.730,1.34625,1.34658,2.25,1.42
2016.04.21 11:06:07.035,1.34627,1.34658,2.25,1.42
2016.04.21 11:06:07.340,1.34625,1.34657,2.92,1.42
2016.04.21 11:06:19.476,1.34628,1.34662,1.42,1.42
2016.04.21 11:06:19.577,1.34628,1.34662,1.42,1.42
2016.04.21 11:06:20.880,1.34628,1.34662,1.42,1.42
2016.04.21 11:06:21.971,1.3463,1.34663,1.42,1.75
2016.04.21 11:06:23.318,1.34631,1.34664,1.42,1.75
2016.04.21 11:06:31.494,1.34631,1.34662,1.42,1.75
2016.04.21 11:06:32.031,1.34628,1.34661,1.42,1.75
2016.04.21 11:06:32.782,1.34628,1.34661,1.42,1.75
2016.04.21 11:06:33.187,1.34627,1.3466,1.75,1.42
2016.04.21 11:06:37.590,1.34627,1.3466,1.75,1.42
2016.04.21 11:06:41.125,1.34629,1.34661,1.42,1.42
2016.04.21 11:06:42.554,1.3463,1.34661,1.75,1.42
2016.04.21 11:06:48.191,1.34631,1.34662,1.75,1.42
2016.04.21 11:06:53.237,1.3463,1.34662,1.42,1.42
2016.04.21 11:06:55.101,1.34632,1.34664,1.42,1.42
2016.04.21 11:06:55.206,1.34632,1.34664,1.42,1.42
2016.04.21 11:06:56.423,1.34633,1.34665,1.75,1.75
2016.04.21 11:06:57.541,1.34635,1.34667,1.42,2.17
2016.04.21 11:06:58.830,1.34635,1.34667,2.17,1.42
2016.04.21 11:06:59.155,1.34636,1.34667,2.92,1.50
2016.04.21 11:06:59.307,1.34637,1.34671,2.17,2.92
2016.04.21 11:06:59.857,1.34641,1.34671,1.75,1.42
2016.04.21 11:07:02.249,1.34641,1.34673,2.92,1.42
2016.04.21 11:07:02.351,1.34643,1.34675,1.42,2.17
2016.04.21 11:07:02.951,1.34645,1.34676,1.75,2.17
2016.04.21 11:07:03.471,1.34647,1.34676,1.50,1.42
2016.04.21 11:07:03.980,1.34647,1.34676,1.75,1.50
2016.04.21 11:07:04.334,1.34649,1.3468,1.75,2.17
2016.04.21 11:07:04.587,1.34652,1.34678,1.12,1.37
2016.04.21 11:07:04.912,1.34652,1.34681,1.75,1.42
2016.04.21 11:07:05.879,1.34653,1.34683,1.50,2.17
2016.04.21 11:07:06.383,1.34653,1.34684,1.75,2.17
2016.04.21 11:07:08.079,1.34656,1.34683,1.50,1.37
2016.04.21 11:07:08.384,1.34654,1.34682,1.50,1.75
2016.04.21 11:07:09.604,1.3465,1.34681,1.75,2.25
2016.04.21 11:07:09.756,1.3465,1.34681,1.75,2.92
2016.04.21 11:07:12.044,1.34649,1.3468,1.50,2.92
2016.04.21 11:07:12.596,1.34649,1.3468,1.75,1.42
2016.04.21 11:07:13.247,1.34648,1.34679,1.75,1.75
2016.04.21 11:07:14.568,1.34648,1.34677,1.12,1.42
2016.04.21 11:07:18.213,1.34645,1.34675,1.42,1.75
2016.04.21 11:07:19.964,1.34642,1.34675,2.25,2.92
2016.04.21 11:07:20.313,1.3464,1.34673,2.92,1.75
2016.04.21 11:07:21.118,1.34639,1.34671,1.42,2.17
2016.04.21 11:07:21.372,1.34638,1.3467,2.17,1.42
2016.04.21 11:07:23.925,1.34636,1.34667,2.17,1.75
2016.04.21 11:07:25.214,1.34636,1.34667,1.75,2.25
2016.04.21 11:07:28.831,1.34637,1.34666,1.75,1.50
2016.04.21 11:07:28.933,1.34634,1.34665,2.17,1.75
2016.04.21 11:07:29.444,1.34634,1.34665,2.17,2.25
2016.04.21 11:07:31.463,1.34633,1.34663,1.50,1.75
2016.04.21 11:07:33.902,1.34631,1.34662,2.25,2.25
2016.04.21 11:07:34.003,1.34632,1.34662,1.75,1.75
2016.04.21 11:07:34.561,1.34634,1.34663,1.50,1.75
2016.04.21 11:07:37.317,1.34633,1.34661,1.75,1.75
2016.04.21 11:07:44.335,1.34632,1.3466,1.50,1.50
2016.04.21 11:07:44.688,1.34628,1.34657,1.75,1.75
2016.04.21 11:07:45.777,1.34627,1.34656,1.75,1.50
2016.04.21 11:07:50.524,1.34624,1.34657,3.67,2.25
2016.04.21 11:07:50.841,1.34627,1.34657,1.75,1.75
2016.04.21 11:07:56.645,1.34628,1.34659,1.75,1.42
2016.04.21 11:08:00.159,1.3463,1.34662,1.75,2.25
2016.04.21 11:08:00.671,1.3463,1.34663,1.75,2.92
2016.04.21 11:08:00.974,1.34631,1.34663,2.17,2.17
2016.04.21 11:08:05.585,1.34632,1.34665,1.75,2.17
2016.04.21 11:08:05.737,1.34632,1.34665,1.75,1.42
2016.04.21 11:08:09.116,1.34633,1.34665,1.75,1.42
2016.04.21 11:08:13.187,1.34635,1.34664,1.75,1.50
2016.04.21 11:08:24.114,1.34633,1.34662,1.75,1.12
2016.04.21 11:08:24.215,1.34633,1.34662,1.75,1.50
2016.04.21 11:08:24.876,1.34633,1.34662,1.75,1.75
2016.04.21 11:08:25.202,1.3463,1.34659,2.17,1.50
2016.04.21 11:08:25.829,1.34628,1.34656,1.42,1.12
2016.04.21 11:08:26.388,1.34628,1.34656,1.42,1.12
2016.04.21 11:08:29.809,1.3463,1.34656,1.75,1.12
2016.04.21 11:08:30.012,1.34631,1.34659,1.75,1.07
2016.04.21 11:08:32.116,1.34631,1.34662,2.25,1.50
2016.04.21 11:08:32.662,1.34634,1.34663,1.75,1.37
2016.04.21 11:08:40.045,1.34635,1.34666,2.25,2.17
2016.04.21 11:08:40.247,1.34637,1.34668,1.75,1.42
2016.04.21 11:08:40.796,1.34637,1.34669,2.25,1.75
2016.04.21 11:08:42.175,1.34639,1.34669,1.75,1.50
2016.04.21 11:08:45.560,1.34639,1.34668,1.75,1.75
2016.04.21 11:08:46.299,1.34637,1.34666,1.75,1.37
2016.04.21 11:08:48.066,1.34637,1.34666,3.00,1.75
2016.04.21 11:08:48.611,1.34639,1.34668,1.75,1.75
2016.04.21 11:08:50.162,1.34639,1.34668,1.75,1.50
2016.04.21 11:08:50.265,1.34639,1.34668,2.25,1.50
2016.04.21 11:08:50.467,1.34641,1.3467,1.75,1.75
2016.04.21 11:08:50.619,1.34641,1.3467,1.12,1.75
2016.04.21 11:08:50.720,1.34641,1.3467,1.75,1.50
2016.04.21 11:08:52.672,1.34642,1.34672,1.75,2.25
2016.04.21 11:08:52.824,1.3464,1.3467,1.75,1.75
2016.04.21 11:08:54.023,1.3464,1.34671,1.75,1.42
2016.04.21 11:08:55.222,1.3464,1.34671,2.17,1.75
2016.04.21 11:08:55.536,1.3464,1.34672,2.17,2.17
2016.04.21 11:09:00.714,1.3464,1.34672,1.42,2.17
2016.04.21 11:09:00.815,1.3464,1.34672,1.42,2.17
2016.04.21 11:09:01.448,1.3464,1.3467,1.42,1.50
2016.04.21 11:09:02.604,1.3464,1.34672,1.42,1.42
2016.04.21 11:09:08.970,1.3464,1.34672,1.42,1.42
2016.04.21 11:09:09.959,1.34639,1.34671,1.42,2.17
2016.04.21 11:09:12.169,1.34637,1.3467,2.25,2.17
2016.04.21 11:09:12.371,1.34636,1.34668,2.92,2.17
2016.04.21 11:09:18.446,1.34638,1.34668,1.50,2.17
2016.04.21 11:09:21.054,1.34641,1.34667,1.00,1.75
2016.04.21 11:09:21.206,1.34641,1.3467,1.12,2.25
2016.04.21 11:09:21.307,1.34641,1.3467,1.75,1.75
2016.04.21 11:09:21.617,1.34644,1.34675,1.75,1.42
2016.04.21 11:09:22.508,1.34645,1.34676,1.75,1.42
2016.04.21 11:09:25.036,1.34649,1.3468,2.17,2.25
2016.04.21 11:09:25.340,1.34654,1.34684,1.50,1.42
2016.04.21 11:09:25.869,1.34656,1.34685,1.12,1.75
2016.04.21 11:09:27.568,1.34657,1.34686,1.12,1.42
2016.04.21 11:09:28.753,1.34658,1.34687,1.12,1.42
2016.04.21 11:09:29.213,1.34659,1.34689,1.75,1.42
2016.04.21 11:09:31.304,1.34661,1.34688,1.50,1.75
2016.04.21 11:09:31.405,1.34661,1.34688,1.10,1.75
2016.04.21 11:09:32.066,1.34659,1.34689,2.25,2.92
2016.04.21 11:09:32.268,1.34659,1.34688,1.12,1.42
2016.04.21 11:09:37.119,1.34657,1.34685,1.50,2.17
2016.04.21 11:09:38.433,1.34656,1.34683,1.12,1.50
2016.04.21 11:09:41.126,1.34659,1.34683,1.00,1.50
2016.04.21 11:09:41.177,1.34659,1.34678,1.00,1.07
2016.04.21 11:09:41.379,1.34657,1.34683,1.07,1.50
2016.04.21 11:09:43.733,1.34655,1.34682,1.12,3.30
2016.04.21 11:09:43.835,1.34653,1.3468,1.07,1.42
2016.04.21 11:09:44.444,1.34649,1.34677,1.75,1.37
2016.04.21 11:09:44.996,1.34649,1.34677,1.50,1.50
2016.04.21 11:09:45.905,1.34649,1.34676,1.12,1.37
2016.04.21 11:09:46.385,1.34648,1.34674,1.75,1.37
2016.04.21 11:09:48.241,1.34648,1.34673,1.12,1.12
2016.04.21 11:09:48.779,1.34646,1.34672,1.87,1.12
2016.04.21 11:09:50.391,1.34646,1.34672,2.25,1.12
2016.04.21 11:10:05.532,1.34649,1.34675,1.50,1.50
2016.04.21 11:10:05.644,1.3465,1.34675,1.12,1.12
2016.04.21 11:10:08.693,1.34651,1.34677,1.50,1.50
2016.04.21 11:10:14.225,1.34649,1.34677,1.12,1.42
2016.04.21 11:10:14.528,1.34647,1.34676,1.75,1.75
2016.04.21 11:10:15.057,1.34647,1.34676,1.50,2.25
2016.04.21 11:10:15.615,1.34646,1.34673,1.50,1.50
2016.04.21 11:10:16.862,1.34646,1.34673,1.12,1.50
2016.04.21 11:10:20.775,1.34644,1.34671,1.12,1.37
2016.04.21 11:10:25.663,1.34646,1.34671,1.10,2.17
2016.04.21 11:10:26.206,1.34644,1.3467,1.07,1.50
2016.04.21 11:10:26.615,1.3464,1.34669,1.10,2.55
2016.04.21 11:10:27.012,1.34634,1.34664,1.75,2.92
2016.04.21 11:10:27.064,1.34631,1.3466,3.00,1.37
2016.04.21 11:10:27.384,1.3463,1.34656,1.75,1.12
2016.04.21 11:10:27.485,1.34628,1.34656,1.07,1.75
2016.04.21 11:10:32.985,1.34627,1.34653,1.50,1.12
2016.04.21 11:10:35.844,1.34629,1.34658,1.12,2.92
2016.04.21 11:10:37.615,1.34627,1.34658,2.25,2.17
2016.04.21 11:10:38.731,1.34627,1.34658,1.75,2.17
2016.04.21 11:10:39.354,1.34625,1.34655,1.75,1.75
2016.04.21 11:10:40.034,1.34624,1.34653,1.42,1.50
2016.04.21 11:10:40.909,1.34624,1.3465,1.75,1.37
2016.04.21 11:10:41.212,1.34622,1.34649,1.75,1.50
2016.04.21 11:10:41.472,1.3462,1.34649,1.75,1.50
2016.04.21 11:10:44.995,1.34619,1.34646,1.75,1.12
2016.04.21 11:10:45.792,1.34618,1.34644,1.50,1.12
2016.04.21 11:10:46.194,1.34618,1.34643,1.50,1.37
2016.04.21 11:10:48.655,1.34617,1.34643,1.12,1.37
2016.04.21 11:10:49.084,1.34615,1.34642,1.75,1.50
2016.04.21 11:10:52.453,1.34616,1.34644,3.00,1.37
2016.04.21 11:10:53.470,1.34617,1.34642,1.75,1.07
2016.04.21 11:11:00.389,1.34618,1.34645,1.75,1.12
2016.04.21 11:11:03.133,1.34621,1.34646,1.42,1.07
2016.04.21 11:11:03.284,1.34622,1.3465,1.75,1.12
2016.04.21 11:11:03.386,1.34623,1.3465,1.75,1.12
2016.04.21 11:11:04.883,1.34623,1.34649,1.75,1.07
2016.04.21 11:11:06.321,1.34621,1.34649,2.17,1.37
2016.04.21 11:11:11.194,1.3462,1.34646,1.75,1.07
2016.04.21 11:11:11.598,1.34618,1.34644,1.75,1.07
2016.04.21 11:11:12.479,1.34619,1.34644,1.50,1.07
2016.04.21 11:11:12.631,1.34618,1.34644,1.75,1.37
2016.04.21 11:11:19.443,1.34617,1.34643,2.25,1.07
2016.04.21 11:11:20.532,1.34615,1.34641,1.75,1.07
2016.04.21 11:11:22.271,1.34615,1.3464,1.50,1.07
2016.04.21 11:11:22.423,1.34615,1.34635,1.00,1.05
2016.04.21 11:11:22.783,1.34615,1.34633,1.00,1.42
2016.04.21 11:11:22.885,1.34603,1.34631,1.75,1.37
2016.04.21 11:11:25.370,1.34602,1.34629,1.75,1.12
2016.04.21 11:11:32.396,1.34601,1.34628,1.75,1.50
2016.04.21 11:11:35.727,1.34603,1.34628,1.07,1.75
2016.04.21 11:11:38.129,1.34599,1.34627,1.75,1.37
2016.04.21 11:11:42.001,1.34602,1.34629,1.75,1.50
2016.04.21 11:11:42.304,1.34603,1.3463,2.25,1.37
2016.04.21 11:11:48.009,1.34604,1.34632,1.75,1.37
2016.04.21 11:11:55.374,1.34604,1.34633,2.25,1.50
2016.04.21 11:11:57.366,1.34604,1.34635,1.75,2.92
2016.04.21 11:12:24.976,1.34608,1.34635,1.07,1.42
2016.04.21 11:12:26.889,1.3461,1.34636,1.00,1.42
2016.04.21 11:12:29.287,1.3461,1.34637,1.07,1.35
2016.04.21 11:12:30.490,1.34611,1.34637,1.07,1.50
2016.04.21 11:12:32.146,1.34612,1.34641,1.87,3.00
2016.04.21 11:12:32.449,1.34621,1.34646,1.75,1.12
2016.04.21 11:12:33.700,1.34623,1.34651,1.50,1.42
2016.04.21 11:12:39.845,1.34625,1.34653,1.87,2.17
2016.04.21 11:12:39.970,1.34625,1.34653,1.75,1.75
2016.04.21 11:12:43.453,1.34627,1.34654,1.12,1.50
2016.04.21 11:12:54.162,1.34628,1.34657,1.50,2.17
2016.04.21 11:12:54.702,1.34629,1.34657,1.12,1.42
2016.04.21 11:13:00.526,1.34628,1.34657,1.12,1.42
2016.04.21 11:13:01.487,1.34626,1.34656,1.50,1.75
2016.04.21 11:13:03.478,1.34625,1.34656,1.50,1.75
2016.04.21 11:13:10.655,1.34625,1.34656,2.25,1.75
2016.04.21 11:13:19.704,1.34627,1.34656,1.50,1.75
2016.04.21 11:13:34.849,1.34624,1.34652,2.17,1.37
2016.04.21 11:13:37.713,1.34622,1.3465,1.75,1.12
2016.04.21 11:13:38.816,1.34621,1.3465,2.25,1.37
2016.04.21 11:13:39.069,1.34618,1.34647,3.67,1.12
2016.04.21 11:13:39.170,1.34618,1.34647,2.17,1.37
2016.04.21 11:13:39.271,1.34618,1.34647,2.17,1.75
2016.04.21 11:13:45.450,1.3462,1.34648,1.75,1.75
2016.04.21 11:13:48.286,1.34618,1.34645,1.75,1.12
2016.04.21 11:13:52.375,1.34614,1.34644,2.17,1.50
2016.04.21 11:13:53.103,1.34615,1.34642,1.75,1.12
2016.04.21 11:13:56.107,1.34613,1.34642,1.75,1.75
2016.04.21 11:13:57.416,1.34613,1.3464,1.75,1.50
2016.04.21 11:13:57.618,1.34612,1.34638,1.50,1.12
2016.04.21 11:13:58.167,1.34611,1.34638,1.50,1.37
2016.04.21 11:14:00.030,1.34611,1.34636,1.12,1.50
2016.04.21 11:14:10.049,1.34609,1.34635,1.50,1.37
2016.04.21 11:14:10.402,1.34609,1.34633,1.07,1.10
2016.04.21 11:14:11.448,1.34609,1.34632,1.07,1.00
2016.04.21 11:14:11.997,1.34609,1.34632,1.12,1.10
2016.04.21 11:14:12.528,1.34607,1.3463,1.50,1.00
2016.04.21 11:14:13.031,1.34607,1.3463,1.12,1.10
2016.04.21 11:14:13.856,1.34607,1.34629,1.12,1.00
2016.04.21 11:14:16.136,1.34607,1.3463,1.12,1.10
2016.04.21 11:14:18.292,1.34607,1.34632,1.50,1.07
2016.04.21 11:14:27.402,1.34603,1.34628,1.75,1.00
2016.04.21 11:14:27.453,1.34601,1.34627,1.75,3.00
2016.04.21 11:14:27.554,1.34599,1.34627,1.75,3.00
2016.04.21 11:14:30.061,1.34597,1.34626,1.75,1.75
2016.04.21 11:14:44.477,1.34602,1.34626,1.12,1.75
2016.04.21 11:14:59.001,1.34598,1.34625,2.25,1.75
2016.04.21 11:14:59.541,1.34598,1.34623,1.50,1.37
2016.04.21 11:15:09.130,1.34597,1.34624,1.75,1.12
2016.04.21 11:15:31.383,1.34597,1.3462,1.75,1.00
2016.04.21 11:15:31.585,1.34584,1.34608,1.00,1.07
2016.04.21 11:15:31.635,1.34579,1.34603,1.12,1.00
2016.04.21 11:15:31.938,1.34569,1.346,1.50,1.75
2016.04.21 11:15:32.241,1.34567,1.34597,1.75,1.75
2016.04.21 11:15:32.689,1.34568,1.34597,2.25,1.50
2016.04.21 11:15:34.539,1.3457,1.34599,1.75,1.75
2016.04.21 11:15:34.893,1.34573,1.34599,1.12,1.07
2016.04.21 11:15:34.995,1.34575,1.34602,1.75,1.50
2016.04.21 11:15:36.184,1.34576,1.34604,1.75,1.37
2016.04.21 11:15:37.208,1.34577,1.34604,1.75,1.37
2016.04.21 11:15:37.309,1.34577,1.34604,1.12,1.37
2016.04.21 11:15:38.310,1.34578,1.34606,1.50,1.75
2016.04.21 11:15:39.593,1.34578,1.34606,1.12,1.12
2016.04.21 11:15:45.774,1.34578,1.34606,1.87,1.50
2016.04.21 11:15:48.228,1.34575,1.34602,2.17,1.10
2016.04.21 11:15:48.530,1.34575,1.34602,1.42,1.12
2016.04.21 11:15:49.300,1.34575,1.34602,2.25,1.12
2016.04.21 11:15:51.170,1.34578,1.34604,1.87,1.12
2016.04.21 11:16:02.954,1.34578,1.34607,1.87,1.37
2016.04.21 11:16:03.291,1.34578,1.34607,2.62,1.87
2016.04.21 11:16:53.564,1.34576,1.34603,1.12,1.50
2016.04.21 11:16:54.833,1.34576,1.34602,1.07,1.50
2016.04.21 11:16:58.208,1.34573,1.34602,3.75,1.50
2016.04.21 11:17:01.467,1.34575,1.34604,2.25,1.50
2016.04.21 11:17:02.019,1.34574,1.34599,1.75,1.00
2016.04.21 11:17:02.268,1.34573,1.34599,2.25,1.12
2016.04.21 11:17:02.370,1.34572,1.34598,2.25,1.10
2016.04.21 11:17:02.471,1.34572,1.34598,3.00,1.50
2016.04.21 11:17:11.849,1.34573,1.34598,1.50,1.37
2016.04.21 11:17:13.704,1.34573,1.34598,1.50,1.07
2016.04.21 11:17:15.992,1.34573,1.346,1.75,1.50
2016.04.21 11:17:16.448,1.34573,1.34597,1.87,1.00
2016.04.21 11:17:17.779,1.34574,1.34599,1.12,1.07
2016.04.21 11:17:18.480,1.34573,1.34597,3.00,1.00
2016.04.21 11:17:19.003,1.34573,1.34596,3.00,1.00
2016.04.21 11:17:19.621,1.34573,1.34596,2.62,1.00
2016.04.21 11:17:26.132,1.34574,1.34596,1.12,1.00
2016.04.21 11:17:28.647,1.34573,1.34597,2.25,1.00
2016.04.21 11:17:29.148,1.34573,1.34597,1.87,1.10
2016.04.21 11:17:36.944,1.34573,1.34595,1.87,1.00
2016.04.21 11:18:11.870,1.34574,1.34594,1.07,1.00
2016.04.21 11:18:12.173,1.34564,1.34573,1.00,1.00
2016.04.21 11:18:12.424,1.34556,1.34574,1.12,1.00
2016.04.21 11:18:12.778,1.34556,1.34574,1.75,1.00
2016.04.21 11:18:13.142,1.34556,1.34571,1.75,1.00
2016.04.21 11:18:13.407,1.34553,1.34571,1.50,1.00
2016.04.21 11:18:13.960,1.34553,1.34571,1.12,1.00
2016.04.21 11:18:14.487,1.34553,1.34569,1.12,1.00
2016.04.21 11:18:15.098,1.34551,1.34569,1.12,1.00
2016.04.21 11:18:24.897,1.34551,1.34571,1.87,1.00
2016.04.21 11:18:26.186,1.34551,1.34571,2.25,1.00
2016.04.21 11:18:28.423,1.34553,1.3457,1.12,1.00
2016.04.21 11:18:48.758,1.34549,1.34571,3.75,1.00
2016.04.21 11:18:53.144,1.34553,1.34572,1.12,1.00
2016.04.21 11:18:54.246,1.34554,1.34572,1.50,1.00
2016.04.21 11:18:56.014,1.34554,1.34573,1.50,1.00
2016.04.21 11:18:57.542,1.34556,1.34573,1.75,1.00
2016.04.21 11:19:01.496,1.34553,1.34573,2.25,1.00
2016.04.21 11:19:07.801,1.34553,1.34574,1.75,1.00
2016.04.21 11:19:15.490,1.34554,1.34574,2.25,1.00
2016.04.21 11:19:17.848,1.34554,1.34573,2.25,1.00
2016.04.21 11:19:20.013,1.34554,1.34576,2.25,1.00
2016.04.21 11:19:20.215,1.34555,1.34576,1.75,1.00
2016.04.21 11:19:22.300,1.34554,1.34576,3.67,1.00
2016.04.21 11:19:24.796,1.34554,1.34573,1.75,1.00
2016.04.21 11:19:30.477,1.34553,1.34573,1.75,1.00
2016.04.21 11:19:30.679,1.34552,1.34571,1.75,1.00
2016.04.21 11:19:31.314,1.34551,1.34571,1.75,1.00
2016.04.21 11:19:37.905,1.34553,1.34571,1.75,1.00
2016.04.21 11:19:40.842,1.34553,1.34573,1.75,1.00
2016.04.21 11:19:42.091,1.34551,1.34573,3.75,1.00
2016.04.21 11:19:44.751,1.3455,1.34571,2.17,1.00
2016.04.21 11:19:49.237,1.34551,1.34571,2.25,1.00
2016.04.21 11:19:51.797,1.3455,1.34571,1.50,1.00
2016.04.21 11:19:52.874,1.3455,1.34571,1.12,1.10
2016.04.21 11:19:53.268,1.3455,1.34568,1.12,1.00
2016.04.21 11:19:59.976,1.3455,1.34569,1.12,1.00
2016.04.21 11:20:00.503,1.3455,1.34569,1.50,1.00
2016.04.21 11:20:01.340,1.34553,1.34569,1.12,1.00
2016.04.21 11:20:05.130,1.34551,1.34573,1.75,1.00
2016.04.21 11:20:07.186,1.34552,1.34573,2.25,1.00
2016.04.21 11:20:09.482,1.34554,1.34573,1.75,1.00
2016.04.21 11:20:10.713,1.34554,1.34574,1.75,1.00
2016.04.21 11:20:11.615,1.34556,1.34574,1.50,1.00
2016.04.21 11:20:12.213,1.34556,1.34576,1.50,1.00
2016.04.21 11:20:12.731,1.34556,1.34576,2.25,1.00
2016.04.21 11:20:13.631,1.34556,1.3458,2.25,1.00
2016.04.21 11:20:15.859,1.34557,1.3458,1.75,1.00
2016.04.21 11:20:16.350,1.34557,1.34584,1.75,1.12
2016.04.21 11:20:16.552,1.3456,1.34586,1.75,1.37
2016.04.21 11:20:16.855,1.34563,1.34589,1.75,1.07
2016.04.21 11:20:17.327,1.34565,1.34591,1.75,1.12
2016.04.21 11:20:19.841,1.34564,1.34591,1.75,1.37
2016.04.21 11:20:21.039,1.34564,1.34591,1.50,1.37
2016.04.21 11:20:21.590,1.34563,1.34591,1.75,1.50
2016.04.21 11:20:23.892,1.34563,1.34591,1.75,1.75
2016.04.21 11:20:26.455,1.34563,1.34591,1.75,1.50
2016.04.21 11:20:31.379,1.34564,1.34592,1.75,1.12
2016.04.21 11:20:31.481,1.34563,1.34589,1.42,1.12
2016.04.21 11:20:34.161,1.34563,1.34589,1.50,1.12
2016.04.21 11:20:39.001,1.34563,1.34589,1.75,1.07
2016.04.21 11:20:48.011,1.34564,1.3459,1.75,1.12
2016.04.21 11:20:48.599,1.34562,1.3459,2.25,1.37
2016.04.21 11:20:48.650,1.34562,1.3459,2.25,1.50
2016.04.21 11:20:48.751,1.34562,1.3459,1.12,1.75
2016.04.21 11:20:49.668,1.34561,1.34586,1.07,1.37
2016.04.21 11:20:55.592,1.34557,1.34583,1.75,1.12
2016.04.21 11:20:56.692,1.34556,1.34582,1.75,1.12
2016.04.21 11:20:58.599,1.34556,1.34578,1.75,1.00
2016.04.21 11:20:58.650,1.34556,1.34578,1.50,1.10
2016.04.21 11:21:00.626,1.34555,1.3458,1.50,1.87
2016.04.21 11:21:11.099,1.34555,1.34581,1.50,1.12
2016.04.21 11:21:14.190,1.34556,1.34581,2.25,1.07
2016.04.21 11:21:14.623,1.34558,1.34583,1.50,1.37
2016.04.21 11:21:16.600,1.34557,1.34583,1.12,1.37
2016.04.21 11:21:18.032,1.34555,1.34581,1.75,1.37
2016.04.21 11:21:18.603,1.34555,1.3458,1.07,1.37
2016.04.21 11:21:19.109,1.34553,1.34577,1.50,1.12
2016.04.21 11:21:19.375,1.34553,1.34576,1.07,1.07
2016.04.21 11:21:20.314,1.34553,1.34574,1.07,1.00
2016.04.21 11:21:21.012,1.34551,1.34574,1.12,1.87
2016.04.21 11:21:23.387,1.34551,1.34571,1.12,1.00
2016.04.21 11:21:25.487,1.3455,1.34568,1.50,1.00
2016.04.21 11:21:25.539,1.3455,1.34568,1.07,1.00
2016.04.21 11:21:25.744,1.3455,1.34562,1.00,1.00
2016.04.21 11:21:25.795,1.34547,1.34562,1.07,1.00
2016.04.21 11:21:25.897,1.34534,1.34561,2.25,1.10
2016.04.21 11:21:25.948,1.34534,1.34556,1.87,1.07
2016.04.21 11:21:26.049,1.34534,1.34555,1.00,1.42
2016.04.21 11:21:26.100,1.34538,1.3456,1.00,1.50
2016.04.21 11:21:26.235,1.34534,1.34566,1.00,1.87
2016.04.21 11:21:26.286,1.3453,1.34566,1.10,1.75
2016.04.21 11:21:26.388,1.3453,1.34562,1.75,1.75
2016.04.21 11:21:26.495,1.3453,1.34562,1.50,1.50
2016.04.21 11:21:26.596,1.3453,1.3456,1.75,1.75
2016.04.21 11:21:27.141,1.34526,1.34558,1.75,1.75
2016.04.21 11:21:27.651,1.3453,1.34559,1.75,1.75
2016.04.21 11:21:28.171,1.3453,1.34559,1.75,1.50
2016.04.21 11:21:28.675,1.34535,1.3456,1.12,1.50
2016.04.21 11:21:28.726,1.34535,1.3456,1.12,1.12
2016.04.21 11:21:29.195,1.34537,1.34561,1.50,1.12
2016.04.21 11:21:29.806,1.34537,1.34561,1.50,1.00
2016.04.21 11:21:30.673,1.3454,1.34563,1.10,1.07
2016.04.21 11:21:30.875,1.34541,1.34565,1.75,1.07
2016.04.21 11:21:31.027,1.34542,1.34566,1.50,1.10
2016.04.21 11:21:32.019,1.34541,1.34568,1.75,1.07
2016.04.21 11:21:33.208,1.34545,1.3457,1.42,1.00
2016.04.21 11:21:33.713,1.34545,1.34573,1.42,1.12
2016.04.21 11:21:35.072,1.34548,1.34573,1.42,1.00
2016.04.21 11:21:35.589,1.34548,1.34574,1.37,1.00
2016.04.21 11:21:35.640,1.34551,1.34574,1.42,1.00
2016.04.21 11:21:36.157,1.34553,1.34574,1.42,1.00
2016.04.21 11:21:36.208,1.34553,1.34578,1.42,1.07
2016.04.21 11:21:36.309,1.34554,1.34578,1.42,1.10
2016.04.21 11:21:36.996,1.34554,1.34578,1.42,1.00
2016.04.21 11:21:37.386,1.34555,1.3458,1.37,1.50
2016.04.21 11:21:38.625,1.34555,1.34578,1.37,1.00
2016.04.21 11:21:39.733,1.34554,1.34579,1.42,1.00
2016.04.21 11:21:40.787,1.34557,1.34579,1.42,1.00
2016.04.21 11:21:40.898,1.34554,1.34576,1.00,1.00
2016.04.21 11:21:41.000,1.34549,1.34576,2.17,1.00
2016.04.21 11:21:41.252,1.34549,1.34576,2.92,1.00
2016.04.21 11:21:41.756,1.34551,1.34576,2.17,1.00
2016.04.21 11:21:42.767,1.34551,1.34576,1.42,1.00
2016.04.21 11:21:42.868,1.34555,1.34576,1.00,1.00
2016.04.21 11:21:43.291,1.34552,1.34578,2.17,1.00
2016.04.21 11:21:43.998,1.34555,1.34578,1.42,1.10
2016.04.21 11:21:44.099,1.34553,1.34578,2.17,1.00
2016.04.21 11:21:45.616,1.34556,1.34578,1.37,1.00
2016.04.21 11:21:46.149,1.34555,1.34579,1.42,1.00
2016.04.21 11:21:47.162,1.34555,1.34579,1.42,1.00
2016.04.21 11:21:47.817,1.34555,1.34579,1.42,1.00
2016.04.21 11:21:48.104,1.34555,1.34581,2.17,1.10
2016.04.21 11:21:50.362,1.34554,1.34581,1.75,1.12
2016.04.21 11:21:50.906,1.34554,1.34578,1.75,1.00
2016.04.21 11:21:51.514,1.34554,1.34577,1.75,1.00
2016.04.21 11:21:52.035,1.34553,1.34577,1.42,1.00
2016.04.21 11:21:52.237,1.3455,1.34576,1.42,1.00
2016.04.21 11:21:53.439,1.34549,1.34574,1.42,1.10
2016.04.21 11:21:54.341,1.34549,1.34574,1.42,1.10
2016.04.21 11:21:55.046,1.34547,1.34574,2.17,1.07
2016.04.21 11:21:55.248,1.34547,1.3457,2.17,1.00
2016.04.21 11:21:55.775,1.34546,1.3457,2.92,1.00
2016.04.21 11:21:56.753,1.34546,1.3457,1.75,1.00
2016.04.21 11:21:58.739,1.34545,1.34569,1.75,1.00
2016.04.21 11:22:02.665,1.34545,1.34569,1.75,1.07
2016.04.21 11:22:03.246,1.34545,1.3457,1.75,1.07
2016.04.21 11:22:07.682,1.34548,1.34574,1.12,1.87
2016.04.21 11:22:09.184,1.34548,1.34574,1.75,1.37
2016.04.21 11:22:10.367,1.34548,1.34574,1.75,1.07
2016.04.21 11:22:11.252,1.34549,1.34577,2.92,1.12
2016.04.21 11:22:12.439,1.34554,1.3458,1.42,1.37
2016.04.21 11:22:12.490,1.34554,1.34581,1.42,1.07
2016.04.21 11:22:12.592,1.34555,1.34582,1.42,1.12
2016.04.21 11:22:13.124,1.34555,1.34582,1.42,1.10
2016.04.21 11:22:15.234,1.34556,1.34585,2.17,1.87
2016.04.21 11:22:20.193,1.34555,1.34585,2.92,1.87
2016.04.21 11:22:26.438,1.34556,1.34583,1.42,1.07
2016.04.21 11:22:28.971,1.34555,1.34581,1.42,1.00
2016.04.21 11:22:29.571,1.34555,1.34581,1.42,1.07
2016.04.21 11:22:42.836,1.34556,1.34583,2.17,1.57
2016.04.21 11:22:45.486,1.34557,1.34584,1.42,1.00
2016.04.21 11:22:46.350,1.34557,1.34587,2.17,1.87
2016.04.21 11:22:51.094,1.3456,1.34587,1.42,1.37
2016.04.21 11:22:51.396,1.34561,1.34587,1.42,1.00
2016.04.21 11:22:51.649,1.34561,1.34589,2.17,1.10
2016.04.21 11:22:52.172,1.34565,1.34591,1.42,1.57
2016.04.21 11:22:53.171,1.34566,1.34593,1.42,1.07
2016.04.21 11:22:55.527,1.34567,1.34596,2.17,1.07
2016.04.21 11:22:56.165,1.3457,1.34597,1.37,1.07
2016.04.21 11:22:56.266,1.34572,1.34599,1.42,1.37
2016.04.21 11:22:56.368,1.34573,1.34599,1.42,1.07
2016.04.21 11:22:56.570,1.34573,1.346,1.42,1.10
2016.04.21 11:22:57.370,1.34573,1.34602,1.75,1.50
2016.04.21 11:23:01.081,1.34573,1.34602,1.12,1.37
2016.04.21 11:23:01.233,1.3457,1.34598,1.42,1.87
2016.04.21 11:23:01.581,1.3457,1.34596,1.42,1.07
2016.04.21 11:23:01.635,1.34566,1.34595,2.92,1.12
2016.04.21 11:23:09.771,1.34566,1.34596,2.17,1.12
2016.04.21 11:23:10.024,1.34566,1.34593,1.07,1.75
2016.04.21 11:23:10.125,1.34566,1.34594,1.10,2.92
2016.04.21 11:23:16.253,1.3456,1.3459,2.92,1.50
2016.04.21 11:23:26.578,1.34562,1.34594,1.42,3.00
2016.04.21 11:23:31.683,1.34562,1.34595,3.67,1.75
2016.04.21 11:23:32.753,1.34564,1.34595,1.42,1.50
2016.04.21 11:23:35.748,1.34564,1.34596,2.92,2.17
2016.04.21 11:23:37.375,1.34566,1.34597,1.75,1.75
2016.04.21 11:23:44.112,1.3457,1.346,1.75,2.25
2016.04.21 11:23:44.314,1.34571,1.346,1.42,1.12
2016.04.21 11:23:44.595,1.34571,1.346,1.42,1.50
2016.04.21 11:23:53.048,1.3457,1.346,1.42,1.37
2016.04.21 11:23:53.553,1.34574,1.34602,1.12,1.50
2016.04.21 11:23:53.654,1.34574,1.34603,1.07,1.12
2016.04.21 11:23:54.646,1.34575,1.34604,1.75,1.50
2016.04.21 11:23:55.744,1.34575,1.34604,1.75,1.12
2016.04.21 11:23:57.744,1.34575,1.34604,1.50,1.87
2016.04.21 11:23:57.845,1.34574,1.34604,1.42,1.50
2016.04.21 11:23:59.196,1.34575,1.34604,1.42,1.37
2016.04.21 11:24:00.302,1.34575,1.34604,2.17,1.37
2016.04.21 11:24:02.606,1.34576,1.34605,2.25,1.37
2016.04.21 11:24:03.442,1.34576,1.34605,2.25,1.37
2016.04.21 11:24:10.784,1.34576,1.34605,1.12,1.12
2016.04.21 11:24:11.307,1.34575,1.34604,2.17,1.12
2016.04.21 11:24:20.202,1.34576,1.34605,1.87,1.12
2016.04.21 11:24:20.987,1.34578,1.34608,1.57,1.50
2016.04.21 11:24:21.513,1.3458,1.34609,1.00,3.00
2016.04.21 11:24:22.072,1.34581,1.34609,1.00,2.25
2016.04.21 11:24:26.856,1.34582,1.34609,1.00,1.50
2016.04.21 11:24:27.455,1.34582,1.34609,1.50,1.37
2016.04.21 11:24:29.671,1.34581,1.3461,1.57,1.50
2016.04.21 11:24:30.173,1.34582,1.3461,1.00,1.50
2016.04.21 11:24:30.839,1.34581,1.3461,1.10,2.25
2016.04.21 11:24:31.770,1.34581,1.3461,1.10,2.25
2016.04.21 11:24:33.013,1.34578,1.34606,1.37,1.12
2016.04.21 11:24:35.160,1.34577,1.34603,1.42,1.00
2016.04.21 11:24:35.312,1.34576,1.34603,1.37,1.10
2016.04.21 11:24:35.972,1.34576,1.34603,1.42,1.37
2016.04.21 11:24:39.243,1.34576,1.34602,1.75,1.07
2016.04.21 11:24:44.984,1.34577,1.34605,1.50,1.12
2016.04.21 11:24:52.690,1.34577,1.34602,2.17,1.00
2016.04.21 11:24:53.132,1.34577,1.34599,1.42,1.00
2016.04.21 11:24:53.234,1.34575,1.34599,1.42,1.00
2016.04.21 11:24:54.303,1.34574,1.34598,1.75,1.00
2016.04.21 11:24:54.701,1.34573,1.34602,2.92,1.07
2016.04.21 11:24:56.012,1.34574,1.34599,2.17,1.00
2016.04.21 11:25:00.638,1.34573,1.346,2.17,1.00
2016.04.21 11:25:01.905,1.34573,1.346,2.17,1.12
2016.04.21 11:25:02.579,1.34572,1.346,1.75,1.37
2016.04.21 11:25:06.991,1.34572,1.34601,3.00,1.12
2016.04.21 11:25:08.736,1.34575,1.34604,1.75,1.37
2016.04.21 11:25:09.295,1.34576,1.34605,2.25,1.50
2016.04.21 11:25:11.275,1.34577,1.34607,1.50,1.50
2016.04.21 11:25:12.165,1.3458,1.34609,1.10,3.00
2016.04.21 11:25:12.911,1.3458,1.34609,1.07,2.25
2016.04.21 11:25:14.779,1.34583,1.3461,1.00,2.92
2016.04.21 11:25:15.973,1.34583,1.3461,1.00,2.25
2016.04.21 11:25:16.881,1.34585,1.34611,1.00,3.00
2016.04.21 11:25:24.123,1.34585,1.34611,1.00,2.62
2016.04.21 11:25:25.842,1.34586,1.34611,1.00,1.37
2016.04.21 11:25:27.017,1.34585,1.34612,1.00,2.25
2016.04.21 11:25:32.889,1.34587,1.34613,1.12,1.12
2016.04.21 11:25:33.041,1.34593,1.34619,1.42,1.12
2016.04.21 11:25:33.142,1.34594,1.34619,1.42,1.10
2016.04.21 11:25:33.667,1.34594,1.34621,1.75,1.87
2016.04.21 11:25:34.214,1.34594,1.34623,1.75,2.25
2016.04.21 11:25:35.381,1.34595,1.34623,1.75,2.25
2016.04.21 11:25:36.349,1.346,1.34629,1.75,2.25
2016.04.21 11:25:36.450,1.34602,1.34632,1.50,1.42
2016.04.21 11:25:36.551,1.34602,1.34633,1.75,1.75
2016.04.21 11:25:36.653,1.34604,1.34633,1.42,1.37
2016.04.21 11:25:36.983,1.34607,1.3464,1.75,1.42
2016.04.21 11:25:37.286,1.34608,1.34641,1.42,1.75
2016.04.21 11:25:37.803,1.34608,1.34641,1.42,2.25
2016.04.21 11:25:39.404,1.34609,1.34639,1.80,2.25
2016.04.21 11:25:39.556,1.34609,1.34639,1.80,1.75
2016.04.21 11:25:39.758,1.34609,1.34639,1.07,2.25
2016.04.21 11:25:42.408,1.34607,1.34638,1.42,1.75
2016.04.21 11:25:43.505,1.34607,1.34636,1.75,1.75
2016.04.21 11:25:49.264,1.34605,1.3463,1.75,1.00
2016.04.21 11:25:49.416,1.34604,1.3463,1.42,1.07
2016.04.21 11:25:50.402,1.34604,1.3463,1.42,1.07
2016.04.21 11:25:51.674,1.34601,1.34628,2.17,1.00
2016.04.21 11:25:51.725,1.34601,1.34628,2.17,1.07
2016.04.21 11:25:52.358,1.346,1.34626,2.25,1.00
2016.04.21 11:25:52.589,1.346,1.34625,1.50,1.00
2016.04.21 11:25:52.640,1.346,1.34625,1.10,1.07
2016.04.21 11:25:52.842,1.34596,1.34621,1.42,1.00
2016.04.21 11:25:53.857,1.34595,1.34621,2.17,1.10
2016.04.21 11:25:54.182,1.34594,1.34621,1.42,1.12
2016.04.21 11:25:55.368,1.34592,1.34619,2.17,1.10
2016.04.21 11:25:56.365,1.34595,1.34623,1.42,1.50
2016.04.21 11:25:57.597,1.34596,1.34623,2.17,1.12
2016.04.21 11:25:59.349,1.34597,1.34625,1.42,1.87
2016.04.21 11:25:59.974,1.34599,1.34625,1.50,1.07
2016.04.21 11:26:05.519,1.34604,1.34626,1.12,1.07
2016.04.21 11:26:05.847,1.34609,1.3463,1.07,1.00
2016.04.21 11:26:05.949,1.34609,1.34634,1.50,1.07
2016.04.21 11:26:06.050,1.34609,1.34634,1.75,1.00
2016.04.21 11:26:06.353,1.34613,1.34638,1.50,1.07
2016.04.21 11:26:06.706,1.34609,1.34638,2.17,1.50
2016.04.21 11:26:07.791,1.34609,1.34636,1.75,1.50
2016.04.21 11:26:08.043,1.34607,1.34634,1.12,1.50
2016.04.21 11:26:08.593,1.34607,1.34634,1.12,1.75
2016.04.21 11:26:09.216,1.34606,1.34631,1.10,1.07
2016.04.21 11:26:09.469,1.34601,1.3463,1.75,1.37
2016.04.21 11:26:20.785,1.34603,1.34634,1.75,2.17
2016.04.21 11:26:21.232,1.34604,1.34634,1.75,1.75
2016.04.21 11:26:23.692,1.34603,1.34627,1.42,1.00
2016.04.21 11:26:23.743,1.346,1.34627,1.67,1.50
2016.04.21 11:26:23.794,1.34599,1.34624,1.00,1.57
2016.04.21 11:26:23.845,1.34599,1.34624,1.00,2.25
2016.04.21 11:26:23.996,1.34591,1.34621,1.12,2.62
2016.04.21 11:26:24.097,1.3459,1.3462,1.75,1.42
2016.04.21 11:26:24.740,1.34588,1.34619,2.17,1.75
2016.04.21 11:26:27.253,1.34591,1.34618,1.12,1.75
2016.04.21 11:26:29.564,1.3459,1.34619,1.00,3.00
2016.04.21 11:26:30.079,1.34589,1.34618,1.10,1.75
2016.04.21 11:26:30.584,1.34589,1.34618,1.07,2.25
2016.04.21 11:26:41.038,1.34585,1.34615,1.42,1.50
2016.04.21 11:26:41.595,1.34585,1.34612,1.42,1.07
2016.04.21 11:27:04.918,1.34589,1.34617,1.07,2.17
2016.04.21 11:27:11.291,1.34588,1.34615,1.50,1.50
2016.04.21 11:27:21.071,1.34589,1.34618,1.07,2.92
2016.04.21 11:27:25.504,1.3459,1.34618,1.57,1.50
2016.04.21 11:27:31.321,1.34592,1.34619,1.00,2.25
2016.04.21 11:27:34.272,1.34591,1.34619,1.10,1.75
2016.04.21 11:27:35.187,1.34589,1.3462,1.87,3.00
2016.04.21 11:27:50.277,1.34588,1.34616,2.25,1.37
2016.04.21 11:27:51.224,1.34588,1.34616,1.12,1.37
2016.04.21 11:27:52.362,1.34586,1.34617,2.92,3.00
2016.04.21 11:27:53.445,1.34587,1.34615,1.50,1.12
2016.04.21 11:27:54.588,1.34587,1.34611,1.42,1.00
2016.04.21 11:27:55.179,1.34587,1.34611,1.37,1.00
2016.04.21 11:27:55.938,1.34587,1.34611,1.50,1.00
2016.04.21 11:27:56.540,1.34586,1.34615,1.75,1.37
2016.04.21 11:27:57.142,1.34587,1.34615,1.12,1.50
2016.04.21 11:28:01.784,1.34588,1.34616,2.25,3.00
2016.04.21 11:28:02.099,1.34591,1.34617,1.75,1.75
2016.04.21 11:28:02.879,1.34591,1.34617,2.25,1.10
2016.04.21 11:28:04.220,1.34597,1.34618,1.00,1.50
2016.04.21 11:28:48.839,1.34595,1.3462,1.12,2.25
2016.04.21 11:28:48.890,1.34595,1.3462,1.75,1.00
2016.04.21 11:28:49.142,1.34601,1.34626,1.75,1.07
2016.04.21 11:28:49.455,1.34603,1.34629,1.75,1.07
2016.04.21 11:28:50.724,1.34604,1.34632,1.75,1.50
2016.04.21 11:28:50.977,1.34606,1.34635,1.75,1.37
2016.04.21 11:28:51.078,1.34606,1.34635,2.25,1.37
2016.04.21 11:28:53.276,1.3461,1.34637,1.42,1.37
2016.04.21 11:28:53.502,1.34611,1.3464,2.25,1.37
2016.04.21 11:28:53.603,1.34611,1.34642,1.75,1.75
2016.04.21 11:28:53.965,1.34612,1.34643,1.75,1.50
2016.04.21 11:28:54.067,1.34613,1.34643,2.17,1.50
2016.04.21 11:28:54.378,1.34616,1.34647,1.42,1.50
2016.04.21 11:28:56.368,1.34618,1.34648,1.75,1.42
2016.04.21 11:28:56.469,1.34618,1.34649,1.75,1.50
2016.04.21 11:28:57.659,1.34619,1.34649,1.42,1.75
2016.04.21 11:29:00.394,1.3462,1.34639,1.75,1.00
2016.04.21 11:29:00.445,1.34618,1.34635,1.00,1.00
2016.04.21 11:29:00.647,1.34607,1.34635,1.00,2.32
2016.04.21 11:29:00.748,1.34606,1.34634,1.00,2.25
2016.04.21 11:29:01.068,1.34602,1.34632,1.75,1.75
2016.04.21 11:29:01.624,1.34602,1.34632,1.75,1.75
2016.04.21 11:29:02.141,1.346,1.3463,1.75,1.42
2016.04.21 11:29:02.938,1.346,1.3463,1.75,2.17
2016.04.21 11:29:04.724,1.34598,1.34627,2.25,1.50
2016.04.21 11:29:05.765,1.34605,1.34627,1.00,1.50
2016.04.21 11:29:05.917,1.34604,1.34629,1.80,1.57
2016.04.21 11:29:06.018,1.34605,1.3463,1.00,2.17
2016.04.21 11:29:06.553,1.346,1.3463,1.75,2.92
2016.04.21 11:29:08.481,1.34599,1.34626,1.75,1.12
2016.04.21 11:29:11.744,1.34599,1.34625,1.50,1.12
2016.04.21 11:29:13.524,1.34599,1.34623,1.50,1.12
2016.04.21 11:29:19.559,1.34599,1.34623,1.07,1.12
2016.04.21 11:29:26.678,1.34601,1.3462,1.00,1.00
2016.04.21 11:29:26.829,1.34594,1.34619,1.75,1.87
2016.04.21 11:29:27.526,1.34594,1.34619,1.07,1.12
2016.04.21 11:29:28.058,1.34596,1.34619,1.10,1.12
2016.04.21 11:29:29.263,1.34596,1.34621,1.57,1.37
2016.04.21 11:29:31.580,1.34596,1.34621,1.07,1.87
2016.04.21 11:29:32.110,1.34596,1.3462,1.00,1.50
2016.04.21 11:29:35.973,1.34596,1.34621,1.10,1.50
2016.04.21 11:29:42.776,1.34596,1.34622,1.07,1.37
2016.04.21 11:29:45.674,1.34595,1.34623,2.25,1.50
2016.04.21 11:29:46.014,1.34596,1.34625,2.25,1.87
2016.04.21 11:29:46.543,1.34598,1.34625,1.75,1.37
2016.04.21 11:29:47.631,1.34599,1.34626,1.75,1.37
2016.04.21 11:29:59.929,1.34599,1.34627,1.75,3.37
2016.04.21 11:30:04.969,1.34599,1.34625,1.12,1.37
2016.04.21 11:30:08.526,1.34599,1.34621,1.12,1.00
2016.04.21 11:30:08.728,1.346,1.34621,1.00,1.75
2016.04.21 11:30:09.671,1.34594,1.34621,1.75,1.75
2016.04.21 11:30:09.873,1.34592,1.34618,2.25,1.42
2016.04.21 11:30:09.974,1.34592,1.34616,1.50,1.75
2016.04.21 11:30:10.076,1.34585,1.34612,1.75,1.50
2016.04.21 11:30:10.341,1.34579,1.34609,1.50,1.42
2016.04.21 11:30:10.392,1.34578,1.34608,1.75,1.42
2016.04.21 11:30:11.295,1.34574,1.34605,2.17,1.37
2016.04.21 11:30:11.396,1.34574,1.34605,2.17,1.75
2016.04.21 11:30:12.361,1.34574,1.34605,1.75,1.75
2016.04.21 11:30:14.819,1.34573,1.34604,1.75,1.75
2016.04.21 11:30:14.920,1.34574,1.34604,1.75,1.50
2016.04.21 11:30:17.329,1.34575,1.34604,1.75,1.37
2016.04.21 11:30:18.423,1.34575,1.34604,1.42,1.37
2016.04.21 11:30:19.627,1.34578,1.34606,1.50,1.50
2016.04.21 11:30:20.067,1.34578,1.34606,1.12,1.12
2016.04.21 11:30:43.192,1.34578,1.34607,1.42,1.37
2016.04.21 11:30:46.917,1.34578,1.3461,2.55,1.87
2016.04.21 11:30:47.103,1.34587,1.34616,2.17,1.12
2016.04.21 11:30:47.154,1.34588,1.34617,1.42,1.37
2016.04.21 11:30:47.458,1.3459,1.34616,1.42,1.10
2016.04.21 11:30:47.711,1.34593,1.34625,1.42,3.67
2016.04.21 11:30:48.656,1.34593,1.34625,2.17,2.17
2016.04.21 11:30:49.206,1.34594,1.34627,1.42,1.75
2016.04.21 11:30:50.133,1.34594,1.34627,2.17,1.50
2016.04.21 11:30:51.212,1.34595,1.34628,2.17,1.75
2016.04.21 11:30:51.313,1.34597,1.34629,1.42,2.25
2016.04.21 11:30:52.523,1.34599,1.3463,1.42,2.25
2016.04.21 11:30:53.216,1.34599,1.3463,1.42,2.25
2016.04.21 11:30:57.348,1.34601,1.34632,1.12,1.75
2016.04.21 11:31:04.180,1.34603,1.34632,1.75,1.50
2016.04.21 11:31:04.432,1.34609,1.34641,2.62,1.12
2016.04.21 11:31:04.534,1.34612,1.34648,1.00,1.00
2016.04.21 11:31:04.782,1.34614,1.34651,1.50,2.25
2016.04.21 11:31:04.934,1.34617,1.34654,1.00,1.00
2016.04.21 11:31:05.246,1.34621,1.34655,1.00,1.00
2016.04.21 11:31:05.347,1.34621,1.34657,1.00,1.00
2016.04.21 11:31:05.398,1.34621,1.34657,1.10,1.50
2016.04.21 11:31:08.035,1.3462,1.34657,1.07,1.42
2016.04.21 11:31:08.826,1.3462,1.34657,1.07,1.42
2016.04.21 11:31:09.176,1.34622,1.34656,1.42,1.42
2016.04.21 11:31:09.495,1.34622,1.34656,1.42,1.42
2016.04.21 11:31:11.432,1.34625,1.34657,1.42,2.17
2016.04.21 11:31:11.583,1.34625,1.34657,1.42,1.42
2016.04.21 11:31:12.747,1.34625,1.34659,1.42,1.42
2016.04.21 11:31:13.641,1.34628,1.3466,1.37,1.42
2016.04.21 11:31:14.849,1.34628,1.34661,1.42,1.42
2016.04.21 11:31:15.359,1.34628,1.34664,1.50,2.92
2016.04.21 11:31:25.522,1.3463,1.34664,1.75,1.42
2016.04.21 11:31:25.868,1.34635,1.34667,1.42,1.42
2016.04.21 11:31:26.937,1.34635,1.34667,2.17,1.42
2016.04.21 11:31:28.278,1.34635,1.34667,2.92,1.42
2016.04.21 11:31:28.945,1.34636,1.34668,2.17,1.42
2016.04.21 11:31:32.666,1.34638,1.3467,1.42,1.42
2016.04.21 11:31:35.011,1.34639,1.34671,1.75,1.75
2016.04.21 11:31:35.112,1.34639,1.34672,1.75,1.42
2016.04.21 11:31:37.280,1.3464,1.34674,1.42,2.17
2016.04.21 11:31:40.511,1.34641,1.34675,2.17,2.17
2016.04.21 11:31:42.577,1.34644,1.34676,1.42,1.42
2016.04.21 11:31:43.178,1.34645,1.34679,1.42,2.17
2016.04.21 11:31:45.121,1.34642,1.34675,2.25,1.42
2016.04.21 11:31:47.078,1.34641,1.34674,2.92,1.75
2016.04.21 11:31:47.290,1.34641,1.34672,1.42,1.75
2016.04.21 11:31:48.181,1.34639,1.34671,2.17,2.17
2016.04.21 11:31:49.380,1.34638,1.3467,2.17,2.17
2016.04.21 11:32:00.531,1.34641,1.34671,1.75,1.42
2016.04.21 11:32:01.406,1.34641,1.34671,1.75,1.42
2016.04.21 11:32:02.577,1.34641,1.34673,2.92,1.42
2016.04.21 11:32:07.757,1.34642,1.34675,1.75,1.42
2016.04.21 11:32:15.128,1.34643,1.34677,2.92,1.42
2016.04.21 11:32:16.255,1.34646,1.34678,1.75,1.42
2016.04.21 11:32:16.806,1.34646,1.3468,2.17,1.42
2016.04.21 11:32:18.788,1.34648,1.3468,1.75,1.42
2016.04.21 11:32:23.694,1.34648,1.3468,1.75,1.42
2016.04.21 11:32:29.752,1.34649,1.34681,1.75,1.42
2016.04.21 11:32:31.004,1.34652,1.34682,1.50,1.42
2016.04.21 11:32:31.206,1.3465,1.34682,1.42,1.42
2016.04.21 11:32:38.048,1.34652,1.34682,1.75,1.42
2016.04.21 11:32:49.925,1.34654,1.34685,1.75,1.42
2016.04.21 11:32:53.371,1.34652,1.34685,1.75,1.42
2016.04.21 11:32:54.651,1.34652,1.34685,1.50,1.42
2016.04.21 11:32:57.430,1.34651,1.34681,1.75,1.42
2016.04.21 11:33:06.963,1.34652,1.34681,1.50,1.42
2016.04.21 11:33:07.334,1.34652,1.34684,1.75,2.17
2016.04.21 11:33:13.126,1.34654,1.34686,1.75,1.42
2016.04.21 11:33:13.708,1.34655,1.34686,1.75,1.42
2016.04.21 11:33:15.365,1.34656,1.34686,1.75,1.42
2016.04.21 11:33:16.668,1.34657,1.34686,1.75,1.42
2016.04.21 11:33:17.239,1.34657,1.34689,1.75,1.42
2016.04.21 11:33:18.080,1.34658,1.3469,1.75,1.42
2016.04.21 11:33:20.084,1.34659,1.3469,1.75,1.75
2016.04.21 11:33:30.412,1.3466,1.34693,2.25,2.17
2016.04.21 11:33:30.878,1.34662,1.34695,1.75,1.42
2016.04.21 11:33:37.983,1.34663,1.34695,2.17,1.42
2016.04.21 11:33:40.225,1.34663,1.34695,2.17,1.42
2016.04.21 11:33:41.296,1.34665,1.34695,1.75,1.42
2016.04.21 11:33:41.549,1.34663,1.34694,1.75,1.42
2016.04.21 11:33:42.581,1.34662,1.34694,2.17,1.42
2016.04.21 11:33:50.461,1.34661,1.34693,1.75,1.42
2016.04.21 11:33:55.043,1.34661,1.34693,2.25,1.42
2016.04.21 11:34:12.090,1.34662,1.34695,3.00,1.42
2016.04.21 11:34:13.294,1.34666,1.34696,1.75,1.42
2016.04.21 11:34:13.446,1.34667,1.34696,1.50,1.42
2016.04.21 11:34:14.531,1.34667,1.34697,1.75,1.42
2016.04.21 11:34:16.821,1.34667,1.34699,1.42,1.42
2016.04.21 11:34:18.603,1.34668,1.34699,1.12,1.42
2016.04.21 11:34:19.107,1.34666,1.34698,1.75,1.42
2016.04.21 11:34:20.667,1.34667,1.34699,2.17,1.42
2016.04.21 11:34:21.548,1.34666,1.34697,1.75,1.42
2016.04.21 11:34:23.555,1.34667,1.34699,2.17,1.42
2016.04.21 11:34:28.827,1.34668,1.347,1.42,1.42
2016.04.21 11:34:28.928,1.34668,1.347,1.42,1.42
2016.04.21 11:34:29.617,1.34668,1.347,2.17,1.42
2016.04.21 11:34:50.044,1.34672,1.34704,1.75,1.42
2016.04.21 11:34:50.296,1.34673,1.34704,1.75,1.42
2016.04.21 11:34:50.498,1.34674,1.34704,1.12,1.42
2016.04.21 11:34:52.258,1.34671,1.347,1.50,1.42
2016.04.21 11:34:54.213,1.34669,1.347,2.25,1.42
2016.04.21 11:34:55.019,1.34669,1.34698,1.75,1.42
2016.04.21 11:35:05.766,1.34669,1.34698,2.25,1.42
2016.04.21 11:35:06.133,1.34672,1.34699,1.50,1.42
2016.04.21 11:35:13.710,1.34671,1.34701,1.75,1.42
2016.04.21 11:35:14.821,1.34673,1.34703,1.75,1.42
2016.04.21 11:35:15.839,1.34673,1.34707,1.42,1.42
2016.04.21 11:35:16.363,1.34675,1.34707,2.17,1.42
2016.04.21 11:35:16.589,1.34676,1.3471,2.92,2.92
2016.04.21 11:35:26.285,1.34677,1.34709,1.42,1.42
2016.04.21 11:35:26.606,1.34674,1.34705,2.25,1.42
2016.04.21 11:35:27.501,1.34675,1.34705,1.75,1.42
2016.04.21 11:35:28.468,1.34674,1.34704,1.50,1.42
2016.04.21 11:35:29.569,1.3467,1.34702,2.25,1.42
2016.04.21 11:35:33.548,1.34669,1.34692,1.00,1.12
2016.04.21 11:35:33.649,1.34663,1.34692,1.07,2.55
2016.04.21 11:35:33.751,1.34663,1.34688,1.10,1.37
2016.04.21 11:35:34.056,1.34655,1.34686,2.17,1.50
2016.04.21 11:35:34.581,1.34656,1.34686,1.75,1.75
2016.04.21 11:35:34.916,1.34656,1.34685,1.75,1.75
2016.04.21 11:35:35.984,1.34656,1.34685,1.50,1.75
2016.04.21 11:35:36.523,1.34654,1.34684,1.12,1.42
2016.04.21 11:35:39.041,1.34652,1.34682,1.50,1.42
2016.04.21 11:35:42.441,1.3465,1.34682,1.42,1.42
2016.04.21 11:35:42.542,1.34649,1.34681,1.75,1.42
2016.04.21 11:35:45.222,1.34651,1.34682,1.75,1.42
2016.04.21 11:35:46.216,1.3465,1.34682,1.42,1.42
2016.04.21 11:35:46.961,1.34648,1.34681,2.25,1.42
2016.04.21 11:35:50.153,1.34649,1.34681,1.75,1.42
2016.04.21 11:35:52.696,1.34649,1.34678,1.12,1.42
2016.04.21 11:35:57.739,1.34647,1.34678,1.75,1.42
2016.04.21 11:35:58.048,1.34647,1.34678,1.75,1.42
2016.04.21 11:35:59.840,1.34648,1.34679,1.75,1.42
2016.04.21 11:36:00.345,1.34648,1.34681,1.75,2.17
2016.04.21 11:36:01.730,1.34654,1.34683,1.75,1.42
2016.04.21 11:36:01.831,1.34654,1.34685,2.25,1.42
2016.04.21 11:36:03.959,1.34654,1.34688,2.17,1.42
2016.04.21 11:36:04.801,1.34652,1.3467,3.67,1.00
2016.04.21 11:36:05.003,1.34641,1.34667,1.10,1.37
2016.04.21 11:36:05.104,1.34641,1.34671,1.00,2.25
2016.04.21 11:36:05.155,1.34635,1.34666,1.75,2.25
2016.04.21 11:36:05.342,1.34632,1.34666,1.75,1.75
2016.04.21 11:36:06.032,1.34638,1.34666,1.00,1.75
2016.04.21 11:36:06.083,1.34638,1.34667,1.75,1.87
2016.04.21 11:36:06.184,1.34643,1.3467,1.75,1.50
2016.04.21 11:36:09.302,1.34642,1.34671,1.75,1.42
2016.04.21 11:36:11.922,1.34642,1.34671,1.75,1.42
2016.04.21 11:36:14.994,1.34643,1.34673,1.75,1.42
2016.04.21 11:36:17.422,1.34644,1.34672,1.50,1.42
2016.04.21 11:36:19.166,1.34646,1.34672,1.12,1.42
2016.04.21 11:36:20.398,1.3465,1.34676,1.10,1.75
2016.04.21 11:36:22.799,1.34649,1.34677,1.12,1.42
2016.04.21 11:36:27.758,1.34648,1.34676,1.07,1.42
2016.04.21 11:36:38.089,1.34644,1.34676,3.67,1.42
2016.04.21 11:36:58.397,1.34644,1.34677,1.75,2.17
2016.04.21 11:37:10.214,1.34645,1.34674,1.75,1.42
2016.04.21 11:37:11.123,1.34644,1.34675,2.17,1.50
2016.04.21 11:37:11.224,1.34643,1.34673,2.25,2.92
2016.04.21 11:37:16.267,1.3464,1.34671,2.17,1.75
2016.04.21 11:37:16.809,1.34639,1.3467,1.75,1.42
2016.04.21 11:37:18.355,1.34638,1.34671,1.75,2.17
2016.04.21 11:37:21.136,1.34638,1.34669,1.75,1.42
2016.04.21 11:37:21.439,1.34637,1.34664,1.50,2.17
2016.04.21 11:37:21.741,1.34637,1.34664,1.07,2.92
2016.04.21 11:37:22.685,1.34633,1.34662,2.25,2.17
2016.04.21 11:37:22.786,1.34632,1.34662,1.75,2.17
2016.04.21 11:37:23.089,1.34629,1.34658,1.50,1.42
2016.04.21 11:37:23.685,1.34629,1.34657,1.12,2.17
2016.04.21 11:37:28.148,1.34627,1.34654,1.87,1.50
2016.04.21 11:37:29.159,1.34628,1.34654,1.07,1.75
2016.04.21 11:37:33.319,1.34628,1.34654,1.07,1.42
2016.04.21 11:37:34.218,1.34626,1.34654,1.57,1.42
2016.04.21 11:37:34.869,1.34626,1.34654,1.57,1.42
2016.04.21 11:37:36.177,1.34625,1.34653,1.07,1.42
2016.04.21 11:37:38.921,1.34624,1.34652,1.12,1.42
2016.04.21 11:37:45.314,1.34621,1.34651,2.25,1.42
2016.04.21 11:38:00.823,1.34623,1.34651,1.57,1.42
2016.04.21 11:38:00.925,1.34626,1.34652,1.10,1.42
2016.04.21 11:38:01.227,1.34626,1.34655,1.12,1.42
2016.04.21 11:38:01.772,1.34626,1.34655,2.25,1.42
2016.04.21 11:38:02.897,1.34628,1.34656,1.50,1.49
2016.04.21 11:38:03.049,1.34628,1.34657,1.50,1.49
2016.04.21 11:38:04.015,1.34629,1.34658,1.75,1.49
2016.04.21 11:38:07.852,1.3463,1.34658,1.87,1.12
2016.04.21 11:38:08.154,1.34633,1.34663,1.75,1.49
2016.04.21 11:38:08.512,1.34632,1.34664,1.75,2.24
2016.04.21 11:38:14.748,1.34635,1.34664,1.75,2.17
2016.04.21 11:38:23.370,1.34632,1.34663,2.25,1.42
2016.04.21 11:38:24.573,1.34631,1.34663,2.25,1.42
2016.04.21 11:38:24.924,1.3463,1.34661,3.00,1.42
2016.04.21 11:38:25.898,1.3463,1.34661,3.00,1.42
2016.04.21 11:38:26.429,1.3463,1.3466,1.87,1.42
2016.04.21 11:38:27.065,1.34629,1.34658,1.12,1.42
2016.04.21 11:38:30.612,1.34629,1.34658,1.75,1.42
2016.04.21 11:38:33.602,1.34629,1.3466,2.25,2.17
2016.04.21 11:38:37.171,1.34631,1.34662,1.75,1.42
2016.04.21 11:38:37.473,1.34633,1.34662,1.75,1.42
2016.04.21 11:38:38.462,1.34633,1.34664,1.75,1.49
2016.04.21 11:38:39.022,1.34635,1.34665,1.75,1.49
2016.04.21 11:38:39.656,1.34636,1.34665,1.75,1.49
2016.04.21 11:38:41.449,1.34637,1.34667,1.75,1.49
2016.04.21 11:38:42.493,1.34637,1.34668,1.75,1.49
2016.04.21 11:38:42.645,1.3464,1.34669,1.50,2.32
2016.04.21 11:38:47.904,1.34637,1.34669,1.75,2.32
2016.04.21 11:38:48.453,1.34637,1.34665,1.75,1.46
2016.04.21 11:38:49.584,1.34634,1.34666,3.67,1.49
2016.04.21 11:38:55.580,1.34635,1.34667,1.75,1.49
2016.04.21 11:39:04.658,1.34635,1.34667,2.25,1.49
2016.04.21 11:39:48.125,1.34633,1.34662,2.25,1.75
2016.04.21 11:39:50.432,1.3463,1.3466,1.75,1.80
2016.04.21 11:39:50.634,1.34629,1.34658,1.50,1.42
2016.04.21 11:39:52.941,1.34627,1.34656,1.75,2.17
2016.04.21 11:39:53.042,1.34627,1.34656,1.12,2.17
2016.04.21 11:39:58.098,1.34625,1.34654,1.75,1.75
2016.04.21 11:40:00.204,1.34625,1.34652,1.12,1.50
2016.04.21 11:40:00.305,1.34625,1.34652,1.12,1.42
2016.04.21 11:40:02.334,1.34629,1.34651,1.00,2.24
2016.04.21 11:40:02.435,1.34624,1.34651,1.12,2.24
2016.04.21 11:40:02.738,1.34619,1.34651,1.75,2.24
2016.04.21 11:40:04.858,1.3462,1.3465,1.75,2.17
2016.04.21 11:40:06.727,1.34622,1.34652,1.50,2.32
2016.04.21 11:40:07.692,1.34621,1.34652,2.25,1.82
2016.04.21 11:40:10.803,1.34622,1.34636,1.75,1.00
2016.04.21 11:40:10.904,1.34614,1.34633,1.10,1.00
2016.04.21 11:40:10.955,1.34614,1.34629,1.10,1.00
2016.04.21 11:40:11.107,1.34604,1.34629,1.07,1.10
2016.04.21 11:40:11.208,1.34604,1.34632,1.00,1.75
2016.04.21 11:40:11.309,1.34596,1.34629,1.75,1.75
2016.04.21 11:40:11.821,1.34594,1.34625,1.75,1.50
2016.04.21 11:40:11.985,1.34593,1.34625,1.75,1.75
2016.04.21 11:40:14.096,1.34593,1.34623,1.75,1.12
2016.04.21 11:40:14.298,1.34593,1.34621,1.12,1.42
2016.04.21 11:40:14.500,1.34592,1.34619,1.10,1.42
2016.04.21 11:40:14.853,1.34586,1.34615,1.50,1.42
2016.04.21 11:40:15.188,1.34586,1.34614,1.50,1.42
2016.04.21 11:40:15.293,1.34586,1.34614,1.07,1.42
2016.04.21 11:40:19.145,1.34586,1.34614,1.87,1.42
2016.04.21 11:40:19.780,1.34589,1.34616,1.00,2.17
2016.04.21 11:40:20.033,1.34589,1.34617,1.75,1.42
2016.04.21 11:40:23.509,1.3459,1.34619,1.50,1.42
2016.04.21 11:40:25.090,1.3459,1.34621,1.75,1.42
2016.04.21 11:40:26.069,1.3459,1.34621,2.25,1.42
2016.04.21 11:40:30.670,1.34593,1.34621,1.75,1.42
2016.04.21 11:40:35.005,1.34592,1.34621,1.75,1.42
2016.04.21 11:40:40.167,1.34592,1.34621,1.75,1.42
2016.04.21 11:40:40.850,1.34592,1.34624,2.17,1.42
2016.04.21 11:40:40.951,1.34592,1.34624,2.92,1.42
2016.04.21 11:40:41.618,1.34593,1.34624,1.75,1.42
2016.04.21 11:40:47.306,1.34594,1.34624,1.75,1.05
2016.04.21 11:40:47.875,1.34594,1.34624,1.75,1.42
2016.04.21 11:40:52.376,1.34594,1.34626,2.17,1.42
2016.04.21 11:40:58.629,1.34597,1.34628,2.25,1.42
2016.04.21 11:41:02.302,1.346,1.34629,1.12,1.42
2016.04.21 11:41:02.404,1.34602,1.34628,1.12,1.42
2016.04.21 11:41:02.548,1.34602,1.34631,1.50,1.42
2016.04.21 11:41:03.053,1.34601,1.34633,2.17,1.42
2016.04.21 11:41:03.407,1.34604,1.34633,1.75,1.42
2016.04.21 11:41:05.044,1.34604,1.34635,1.75,2.92
2016.04.21 11:41:13.210,1.34607,1.34637,1.50,1.42
2016.04.21 11:41:13.412,1.34607,1.3464,1.50,1.42
2016.04.21 11:41:13.614,1.3461,1.34642,1.10,1.42
2016.04.21 11:41:14.193,1.34611,1.34643,2.17,1.42
2016.04.21 11:41:14.689,1.34611,1.34643,2.17,1.42
2016.04.21 11:42:06.172,1.34612,1.34644,1.42,1.42
2016.04.21 11:42:13.465,1.34612,1.34644,1.42,1.42
2016.04.21 11:42:20.795,1.34615,1.34644,1.75,1.42
2016.04.21 11:42:23.018,1.34614,1.34645,1.50,1.42
2016.04.21 11:42:23.119,1.34615,1.34645,1.12,1.42
2016.04.21 11:42:23.679,1.34614,1.34645,1.75,1.42
2016.04.21 11:42:29.945,1.34611,1.34643,2.17,1.42
2016.04.21 11:42:30.052,1.34611,1.34643,2.92,1.42
2016.04.21 11:42:31.041,1.34609,1.3464,1.75,1.42
2016.04.21 11:42:31.143,1.34606,1.34639,1.10,1.42
2016.04.21 11:42:31.294,1.34606,1.34636,1.10,1.42
2016.04.21 11:42:31.643,1.34605,1.34636,1.12,1.42
2016.04.21 11:42:31.694,1.34605,1.34636,1.07,1.42
2016.04.21 11:42:34.115,1.34605,1.34639,2.17,2.17
2016.04.21 11:42:35.238,1.34608,1.3464,1.42,1.42
2016.04.21 11:42:36.306,1.3461,1.34642,1.12,2.17
2016.04.21 11:42:36.444,1.3461,1.34642,1.10,2.17
2016.04.21 11:42:36.899,1.34614,1.34645,1.00,1.42
2016.04.21 11:42:37.011,1.34612,1.34645,1.00,2.17
2016.04.21 11:42:37.516,1.34609,1.34644,6.00,2.17
2016.04.21 11:42:37.667,1.34612,1.34645,1.00,2.17
2016.04.21 11:42:38.197,1.34614,1.34646,1.00,1.42
2016.04.21 11:42:38.299,1.3461,1.34644,1.57,1.75
2016.04.21 11:42:38.602,1.34613,1.34644,1.00,1.42
2016.04.21 11:42:39.052,1.34613,1.34645,2.17,2.17
2016.04.21 11:42:39.746,1.34613,1.34647,5.17,2.92
2016.04.21 11:42:41.081,1.34618,1.34648,1.75,1.42
2016.04.21 11:42:41.182,1.34614,1.34647,1.50,1.42
2016.04.21 11:42:41.283,1.34614,1.34646,1.50,1.42
2016.04.21 11:42:41.612,1.34617,1.34646,1.00,1.42
2016.04.21 11:42:41.663,1.34615,1.34646,1.00,1.42
2016.04.21 11:42:42.804,1.34616,1.34646,1.10,1.42
2016.04.21 11:42:43.380,1.34614,1.34646,1.12,2.17
2016.04.21 11:42:43.886,1.34617,1.34647,1.00,1.42
2016.04.21 11:42:44.097,1.34617,1.34647,1.50,1.42
2016.04.21 11:42:44.249,1.34616,1.34647,1.75,1.42
2016.04.21 11:42:44.350,1.34615,1.34648,1.80,1.42
2016.04.21 11:42:44.819,1.34616,1.34647,1.10,1.42
2016.04.21 11:42:45.581,1.34617,1.34647,1.00,1.42
2016.04.21 11:42:45.884,1.34619,1.34647,1.12,1.42
2016.04.21 11:42:46.680,1.34615,1.34647,1.07,2.17
2016.04.21 11:42:46.781,1.34617,1.34647,1.00,1.42
2016.04.21 11:42:47.292,1.34614,1.34647,2.55,1.42
2016.04.21 11:42:47.666,1.34613,1.34645,1.50,1.42
2016.04.21 11:42:47.828,1.34615,1.34645,1.00,1.42
2016.04.21 11:42:48.614,1.34614,1.34649,1.00,2.92
2016.04.21 11:42:48.950,1.34614,1.34646,1.80,2.17
2016.04.21 11:42:49.655,1.34612,1.34644,2.17,1.42
2016.04.21 11:42:49.876,1.34616,1.34647,1.00,1.42
2016.04.21 11:42:49.978,1.34615,1.34647,1.00,2.17
2016.04.21 11:42:50.974,1.34615,1.34645,1.07,1.42
2016.04.21 11:42:51.075,1.34611,1.34645,1.50,1.42
2016.04.21 11:42:51.337,1.34613,1.34646,1.00,1.42
2016.04.21 11:42:51.645,1.34615,1.34645,1.50,1.42
2016.04.21 11:42:51.897,1.34613,1.34645,1.00,1.42
2016.04.21 11:42:52.099,1.34615,1.34646,1.50,2.17
2016.04.21 11:42:52.707,1.34614,1.34646,1.00,1.42
2016.04.21 11:42:53.234,1.34615,1.34645,1.00,1.42
2016.04.21 11:42:53.542,1.34615,1.34645,1.12,1.42
2016.04.21 11:42:54.161,1.34616,1.34647,1.07,1.42
2016.04.21 11:42:54.701,1.34613,1.34646,1.75,2.17
2016.04.21 11:42:55.577,1.34615,1.34646,1.75,1.42
2016.04.21 11:42:55.678,1.34616,1.34646,1.50,1.42
2016.04.21 11:42:56.418,1.34617,1.34646,1.50,1.42
2016.04.21 11:42:56.889,1.34617,1.34648,1.00,1.50
2016.04.21 11:42:57.206,1.34616,1.34649,1.00,1.42
2016.04.21 11:42:58.115,1.34618,1.34649,1.00,1.42
2016.04.21 11:42:58.245,1.34616,1.34649,1.00,1.42
2016.04.21 11:42:58.346,1.34613,1.34641,1.42,1.00
2016.04.21 11:42:58.447,1.34609,1.3464,1.07,1.00
2016.04.21 11:42:58.549,1.3461,1.34642,1.10,1.42
2016.04.21 11:42:58.852,1.34615,1.3464,1.00,1.42
2016.04.21 11:42:58.955,1.34612,1.3464,1.00,1.42
2016.04.21 11:42:59.059,1.34616,1.3464,1.00,1.42
2016.04.21 11:42:59.161,1.34613,1.3464,1.00,1.42
2016.04.21 11:42:59.634,1.34615,1.34641,1.00,1.42
2016.04.21 11:42:59.735,1.34613,1.34642,1.00,1.42
2016.04.21 11:42:59.785,1.34613,1.34642,1.75,1.42
2016.04.21 11:42:59.887,1.34614,1.34642,1.00,1.42
2016.04.21 11:42:59.988,1.34615,1.34642,1.00,1.42
2016.04.21 11:43:00.039,1.34613,1.34642,1.00,1.42
2016.04.21 11:43:00.880,1.34613,1.3464,1.75,1.42
2016.04.21 11:43:01.082,1.34612,1.3464,1.00,1.42
2016.04.21 11:43:01.357,1.3461,1.3464,1.10,1.42
2016.04.21 11:43:01.458,1.34614,1.34642,1.00,1.42
2016.04.21 11:43:01.509,1.34614,1.34642,1.00,1.42
2016.04.21 11:43:01.978,1.34611,1.34641,1.00,1.05
2016.04.21 11:43:02.180,1.3461,1.34643,2.25,1.42
2016.04.21 11:43:02.282,1.34614,1.34643,1.07,1.42
2016.04.21 11:43:02.383,1.34613,1.34643,1.75,1.42
2016.04.21 11:43:06.927,1.34616,1.34643,1.75,1.42
2016.04.21 11:43:07.638,1.34618,1.34646,1.00,1.42
2016.04.21 11:43:07.891,1.34616,1.34645,1.10,1.42
2016.04.21 11:43:11.876,1.34616,1.34646,1.07,2.17
2016.04.21 11:43:13.379,1.34614,1.34646,1.75,1.42
2016.04.21 11:43:13.530,1.34617,1.34645,1.00,1.05
2016.04.21 11:43:14.230,1.34614,1.34646,1.12,1.42
2016.04.21 11:43:14.625,1.34614,1.34645,3.00,1.42
2016.04.21 11:43:14.727,1.34616,1.34647,1.75,1.42
2016.04.21 11:43:14.828,1.34615,1.34646,1.75,2.17
2016.04.21 11:43:22.855,1.34612,1.34646,2.17,1.42
2016.04.21 11:43:24.197,1.34615,1.34646,1.75,1.42
2016.04.21 11:43:24.298,1.34618,1.34647,1.12,1.42
2016.04.21 11:43:24.749,1.34615,1.34647,2.17,1.42
2016.04.21 11:43:33.845,1.34615,1.34648,2.17,1.67
2016.04.21 11:43:33.896,1.34617,1.34653,2.17,2.17
2016.04.21 11:43:34.048,1.34624,1.34652,1.00,1.05
2016.04.21 11:43:34.398,1.34626,1.34654,1.00,1.42
2016.04.21 11:43:34.449,1.34624,1.34654,1.00,1.42
2016.04.21 11:43:34.750,1.34621,1.34654,1.50,1.42
2016.04.21 11:43:34.800,1.34623,1.34657,1.00,1.42
2016.04.21 11:43:35.103,1.34628,1.34658,1.00,1.75
2016.04.21 11:43:35.154,1.34625,1.34659,1.07,2.17
2016.04.21 11:43:35.348,1.34629,1.34658,1.00,1.42
2016.04.21 11:43:35.399,1.34629,1.3466,1.00,1.42
2016.04.21 11:43:35.601,1.3463,1.34656,1.00,1.05
2016.04.21 11:43:35.652,1.34625,1.34656,1.00,1.05
2016.04.21 11:43:35.753,1.34627,1.34656,1.00,1.42
2016.04.21 11:43:35.854,1.34629,1.3466,1.00,1.42
2016.04.21 11:43:35.956,1.34627,1.3466,1.00,1.42
2016.04.21 11:43:36.057,1.3463,1.3466,1.00,1.42
2016.04.21 11:43:36.410,1.34625,1.3466,1.87,1.42
2016.04.21 11:43:36.944,1.34625,1.34658,1.12,1.42
2016.04.21 11:43:37.459,1.34628,1.34658,1.00,1.42
2016.04.21 11:43:38.043,1.34627,1.34658,1.10,1.42
2016.04.21 11:43:39.218,1.34628,1.34658,1.00,1.42
2016.04.21 11:43:39.488,1.34628,1.34661,1.00,1.42
2016.04.21 11:43:39.740,1.34632,1.34661,1.00,1.42
2016.04.21 11:43:40.468,1.34631,1.34661,1.00,1.42
2016.04.21 11:43:40.789,1.34634,1.3466,1.00,1.42
2016.04.21 11:43:40.840,1.3463,1.34661,1.00,1.42
2016.04.21 11:43:41.370,1.34631,1.34661,1.00,1.42
2016.04.21 11:43:41.977,1.3463,1.34661,1.00,1.42
2016.04.21 11:43:45.280,1.34633,1.34661,1.00,1.42
2016.04.21 11:43:45.972,1.34632,1.34662,1.00,1.42
2016.04.21 11:43:46.483,1.34632,1.34663,1.00,1.42
2016.04.21 11:43:47.294,1.34632,1.34663,1.75,1.42
2016.04.21 11:43:47.395,1.3463,1.34664,1.57,1.42
2016.04.21 11:43:47.496,1.34629,1.34664,2.62,1.42
2016.04.21 11:43:47.599,1.3463,1.34666,1.57,1.00
2016.04.21 11:43:47.650,1.34633,1.34672,1.50,1.80
2016.04.21 11:43:47.751,1.34634,1.34667,1.00,1.00
2016.04.21 11:43:48.148,1.34637,1.3467,1.00,1.07
2016.04.21 11:43:48.695,1.34636,1.34671,1.00,1.12
2016.04.21 11:43:49.231,1.34637,1.3467,1.00,1.07
2016.04.21 11:43:49.748,1.34637,1.34668,1.00,1.00
2016.04.21 11:43:49.849,1.34635,1.34672,1.00,1.05
2016.04.21 11:43:50.051,1.34637,1.34672,1.00,1.37
2016.04.21 11:43:50.153,1.34633,1.34673,1.50,2.17
2016.04.21 11:43:50.385,1.34637,1.34672,1.00,1.05
2016.04.21 11:43:50.486,1.34634,1.34672,1.50,1.05
2016.04.21 11:43:51.091,1.34636,1.34672,1.00,1.05
2016.04.21 11:43:51.192,1.34634,1.34672,1.00,1.05
2016.04.21 11:43:51.527,1.34636,1.34669,1.00,1.10
2016.04.21 11:43:51.578,1.34634,1.34672,1.00,1.80
2016.04.21 11:43:52.083,1.34635,1.34669,1.00,1.10
2016.04.21 11:43:52.185,1.34637,1.34672,1.00,1.80
2016.04.21 11:43:52.581,1.34639,1.34672,1.00,1.80
2016.04.21 11:43:52.685,1.34635,1.34672,1.00,1.05
2016.04.21 11:43:53.201,1.34638,1.34672,1.00,1.80
2016.04.21 11:43:55.206,1.34639,1.3467,1.00,1.07
2016.04.21 11:43:55.816,1.34638,1.34671,1.00,1.12
2016.04.21 11:43:57.238,1.34639,1.3467,1.00,1.07
2016.04.21 11:43:57.812,1.34638,1.34671,1.00,1.12
2016.04.21 11:43:58.290,1.3464,1.3467,1.00,1.07
2016.04.21 11:44:00.337,1.34639,1.34672,1.00,1.80
2016.04.21 11:44:00.640,1.34644,1.34672,1.00,1.05
2016.04.21 11:44:00.994,1.34646,1.34674,1.00,1.42
2016.04.21 11:44:01.149,1.34644,1.34674,1.00,1.42
2016.04.21 11:44:02.627,1.34643,1.34675,1.00,1.42
2016.04.21 11:44:03.149,1.34644,1.34675,1.00,1.42
2016.04.21 11:44:03.731,1.34643,1.34674,1.00,1.42
2016.04.21 11:44:04.233,1.34644,1.34674,1.00,1.42
2016.04.21 11:44:04.728,1.34639,1.34674,1.50,2.17
2016.04.21 11:44:04.829,1.34641,1.34673,1.00,1.50
2016.04.21 11:44:05.941,1.34642,1.34673,1.00,1.50
2016.04.21 11:44:06.552,1.34641,1.34673,1.00,1.50
2016.04.21 11:44:07.089,1.34642,1.34673,1.00,1.50
2016.04.21 11:44:07.674,1.34641,1.34673,1.00,1.50
2016.04.21 11:44:08.610,1.34642,1.34673,1.00,1.50
2016.04.21 11:44:09.244,1.34641,1.34674,1.00,2.17
2016.04.21 11:44:12.217,1.34642,1.34673,1.00,1.50
2016.04.21 11:44:13.271,1.34644,1.34673,1.00,1.50
2016.04.21 11:44:13.812,1.34643,1.34674,1.00,2.17
2016.04.21 11:44:14.422,1.34644,1.34673,1.00,1.50
2016.04.21 11:44:15.007,1.34643,1.34674,1.00,1.75
2016.04.21 11:44:15.527,1.34642,1.34674,1.00,1.75
2016.04.21 11:44:15.861,1.34644,1.34673,1.00,1.50
2016.04.21 11:44:16.531,1.34642,1.34674,1.00,1.75
2016.04.21 11:44:17.064,1.34643,1.34674,1.00,1.75
2016.04.21 11:44:17.370,1.34641,1.34672,1.00,1.05
2016.04.21 11:44:17.471,1.34639,1.34672,1.00,1.05
2016.04.21 11:44:17.976,1.34638,1.34672,1.50,1.05
2016.04.21 11:44:18.077,1.34641,1.34673,1.00,1.42
2016.04.21 11:44:18.179,1.34639,1.34672,1.50,1.05
2016.04.21 11:44:18.456,1.34641,1.34672,1.00,1.05
2016.04.21 11:44:18.658,1.34639,1.34672,1.00,1.05
2016.04.21 11:44:18.961,1.34641,1.34673,1.00,2.17
2016.04.21 11:44:19.163,1.34639,1.34672,1.50,1.05
2016.04.21 11:44:19.370,1.34641,1.34672,1.00,1.05
2016.04.21 11:44:19.885,1.34642,1.34673,1.00,2.17
2016.04.21 11:44:20.040,1.34639,1.34672,1.00,1.05
2016.04.21 11:44:20.242,1.34642,1.34672,1.00,1.05
2016.04.21 11:44:20.747,1.3464,1.34672,1.00,1.05
2016.04.21 11:44:21.074,1.34643,1.34672,1.00,1.05
2016.04.21 11:44:21.175,1.3464,1.34672,1.00,1.05
2016.04.21 11:44:21.478,1.34642,1.34672,1.00,1.05
2016.04.21 11:44:21.680,1.3464,1.34672,1.00,1.05
2016.04.21 11:44:21.781,1.34643,1.34672,1.00,1.05
2016.04.21 11:44:21.883,1.3464,1.34672,1.00,1.05
2016.04.21 11:44:21.984,1.34638,1.34672,1.50,1.05
2016.04.21 11:44:22.186,1.34641,1.34672,1.00,1.05
2016.04.21 11:44:22.492,1.34639,1.34673,1.00,2.92
2016.04.21 11:44:22.593,1.34641,1.34672,1.00,1.05
2016.04.21 11:44:22.860,1.34639,1.34673,1.50,2.17
2016.04.21 11:44:23.063,1.34641,1.34673,1.00,2.17
2016.04.21 11:44:23.264,1.34639,1.34672,1.50,1.05
2016.04.21 11:44:23.567,1.34641,1.34673,1.00,2.17
2016.04.21 11:44:23.774,1.34639,1.34673,1.00,1.80
2016.04.21 11:44:23.876,1.34644,1.34672,1.00,1.37
2016.04.21 11:44:23.977,1.34638,1.34672,1.00,1.37
2016.04.21 11:44:24.078,1.34642,1.34673,1.00,1.05
2016.04.21 11:44:24.179,1.34638,1.34673,1.50,1.05
2016.04.21 11:44:24.583,1.3464,1.34672,1.00,1.37
2016.04.21 11:44:24.786,1.34638,1.34673,1.00,1.42
2016.04.21 11:44:24.993,1.34639,1.34684,1.00,1.07
2016.04.21 11:44:25.145,1.34639,1.34679,1.00,1.07
2016.04.21 11:44:25.499,1.34639,1.34677,1.00,1.07
2016.04.21 11:44:25.804,1.34612,1.34676,1.07,1.07
2016.04.21 11:45:15.133,1.34606,1.34669,2.25,1.00
2016.04.21 11:45:18.364,1.34604,1.34661,2.25,1.00
2016.04.21 11:45:18.529,1.34604,1.34661,1.87,1.00
2016.04.21 11:45:19.933,1.34613,1.34671,1.07,1.57
2016.04.21 11:45:20.034,1.34619,1.34671,1.00,1.57
2016.04.21 11:45:20.482,1.3462,1.34671,1.07,1.57
2016.04.21 11:45:25.164,1.34624,1.34671,1.00,1.57
2016.04.21 11:45:25.698,1.34623,1.3467,1.00,1.07
2016.04.21 11:45:26.210,1.34624,1.3467,1.00,1.07
2016.04.21 11:45:26.736,1.34621,1.3467,1.10,1.07
2016.04.21 11:45:26.787,1.34621,1.34666,1.10,1.00
2016.04.21 11:45:27.157,1.34625,1.34666,1.00,1.00
2016.04.21 11:45:27.663,1.34622,1.34664,1.00,1.00
2016.04.21 11:45:27.764,1.34624,1.34664,1.00,1.00
2016.04.21 11:45:28.422,1.34625,1.34664,1.00,1.00
2016.04.21 11:45:29.101,1.34625,1.34661,1.00,1.00
2016.04.21 11:45:31.157,1.34625,1.34658,1.00,1.00
2016.04.21 11:45:31.208,1.3462,1.34658,1.07,1.00
2016.04.21 11:45:40.872,1.34618,1.34656,1.37,1.00
2016.04.21 11:45:43.183,1.34616,1.34655,1.50,1.00
2016.04.21 11:45:44.065,1.34616,1.34665,1.42,1.00
2016.04.21 11:45:45.830,1.34616,1.34659,1.42,1.00
2016.04.21 11:45:53.428,1.34616,1.3467,1.42,1.57
2016.04.21 11:45:53.529,1.34628,1.34671,1.00,1.57
2016.04.21 11:45:53.869,1.34638,1.34672,1.37,1.07
2016.04.21 11:45:53.973,1.34638,1.34676,1.07,1.75
2016.04.21 11:45:54.175,1.34638,1.34677,1.50,1.75
2016.04.21 11:45:54.478,1.34638,1.34677,2.17,1.50
2016.04.21 11:45:55.928,1.34641,1.34678,1.42,1.42
2016.04.21 11:45:56.517,1.34641,1.34678,1.42,1.42
2016.04.21 11:45:57.353,1.34642,1.34681,1.42,1.42
2016.04.21 11:45:58.781,1.34644,1.34681,1.42,1.42
2016.04.21 11:45:59.329,1.34645,1.34679,1.07,1.42
2016.04.21 11:46:00.900,1.34643,1.34677,1.07,1.42
2016.04.21 11:46:03.223,1.34643,1.34674,1.07,1.42
2016.04.21 11:46:03.425,1.34638,1.34672,1.00,1.12
2016.04.21 11:46:03.633,1.3463,1.34673,1.12,1.80
2016.04.21 11:46:04.061,1.34636,1.34672,1.07,1.00
2016.04.21 11:46:04.476,1.34631,1.3466,1.37,1.00
2016.04.21 11:46:05.158,1.34628,1.34651,1.67,1.00
2016.04.21 11:46:05.399,1.34622,1.34654,1.42,1.00
2016.04.21 11:46:05.500,1.34629,1.34673,1.42,1.12
2016.04.21 11:46:06.560,1.34629,1.34672,1.42,1.75
2016.04.21 11:46:06.971,1.34627,1.34667,1.42,1.37
2016.04.21 11:46:07.747,1.34627,1.34667,1.42,1.42
2016.04.21 11:46:10.137,1.34629,1.34668,1.42,1.42
2016.04.21 11:46:10.696,1.34632,1.34669,1.42,1.42
2016.04.21 11:46:13.657,1.34633,1.34671,1.05,1.42
2016.04.21 11:46:14.178,1.34634,1.34673,1.37,1.42
2016.04.21 11:46:14.857,1.34634,1.34673,1.42,1.42
2016.04.21 11:46:17.285,1.34636,1.34673,1.00,1.42
2016.04.21 11:46:17.491,1.34633,1.3467,1.05,1.42
2016.04.21 11:46:18.148,1.34632,1.34667,1.42,1.75
2016.04.21 11:46:18.752,1.3463,1.34667,1.42,1.42
2016.04.21 11:46:19.598,1.3463,1.34667,1.42,1.42
2016.04.21 11:46:20.820,1.34628,1.34665,1.42,1.42
2016.04.21 11:46:25.090,1.34626,1.34663,1.42,1.05
2016.04.21 11:46:26.185,1.34626,1.34663,1.05,1.37
2016.04.21 11:46:27.927,1.34626,1.34663,1.42,1.37
2016.04.21 11:46:28.838,1.34626,1.34652,1.42,1.00
2016.04.21 11:46:28.939,1.34621,1.34653,1.50,1.37
2016.04.21 11:46:30.133,1.34617,1.3465,2.17,1.12
2016.04.21 11:46:30.475,1.34615,1.3465,2.17,1.50
2016.04.21 11:46:31.247,1.34613,1.3465,1.05,2.17
2016.04.21 11:46:31.349,1.34606,1.34633,1.67,1.00
2016.04.21 11:46:31.450,1.34595,1.34631,1.00,2.25
2016.04.21 11:46:31.955,1.34596,1.3463,1.00,1.37
2016.04.21 11:46:32.496,1.34595,1.34631,1.00,1.50
2016.04.21 11:46:33.190,1.34595,1.34631,1.67,1.50
2016.04.21 11:46:33.241,1.34596,1.34631,1.37,1.75
2016.04.21 11:46:34.337,1.34597,1.34631,2.17,1.75
2016.04.21 11:46:34.438,1.34597,1.34631,1.05,1.37
2016.04.21 11:46:34.539,1.34596,1.34631,1.80,1.12
2016.04.21 11:46:37.501,1.34598,1.34631,1.37,1.12
2016.04.21 11:46:39.178,1.34598,1.34622,1.37,1.00
2016.04.21 11:46:39.279,1.34594,1.3462,1.00,1.00
2016.04.21 11:46:39.330,1.34589,1.34616,1.37,1.00
2016.04.21 11:46:39.644,1.34595,1.34628,1.12,1.50
2016.04.21 11:46:40.160,1.34595,1.34629,1.12,1.75
2016.04.21 11:46:41.613,1.34595,1.34629,1.87,1.37
2016.04.21 11:46:42.566,1.34595,1.34629,1.87,1.37
2016.04.21 11:46:43.787,1.34595,1.34629,2.92,1.37
2016.04.21 11:46:43.919,1.34595,1.34629,2.92,1.12
2016.04.21 11:46:44.774,1.34597,1.34631,1.07,1.12
2016.04.21 11:46:50.243,1.34597,1.34627,1.57,1.00
2016.04.21 11:46:50.294,1.34596,1.34622,1.37,1.00
2016.04.21 11:46:50.396,1.34588,1.34618,1.07,1.00
2016.04.21 11:46:50.497,1.34594,1.34627,1.00,2.25
2016.04.21 11:46:50.598,1.34594,1.34628,1.42,1.07
2016.04.21 11:46:50.851,1.34594,1.34628,1.05,2.25
2016.04.21 11:46:51.332,1.34592,1.34628,2.17,2.25
2016.04.21 11:46:54.899,1.34596,1.34628,1.80,1.37
2016.04.21 11:46:55.000,1.34598,1.34628,1.10,1.07
2016.04.21 11:46:59.972,1.34596,1.34628,1.42,1.12
2016.04.21 11:47:00.073,1.34596,1.34628,1.37,1.07
2016.04.21 11:47:02.402,1.34596,1.34627,1.42,1.07
2016.04.21 11:47:02.917,1.34595,1.34629,2.17,1.07
2016.04.21 11:47:03.600,1.34595,1.3463,2.17,1.87
2016.04.21 11:47:06.228,1.34598,1.3463,1.42,1.57
2016.04.21 11:47:19.517,1.34597,1.3463,1.42,1.12
2016.04.21 11:47:20.019,1.34595,1.3463,1.75,1.37
2016.04.21 11:47:22.830,1.34598,1.34627,1.75,1.07
2016.04.21 11:47:22.931,1.34598,1.34627,1.07,1.12
2016.04.21 11:47:24.040,1.34594,1.34628,2.25,1.37
2016.04.21 11:47:28.654,1.34593,1.34628,3.67,1.75
2016.04.21 11:47:29.120,1.34591,1.34625,1.75,1.50
2016.04.21 11:47:31.296,1.34586,1.3462,2.25,1.07
2016.04.21 11:47:31.397,1.34581,1.34619,1.50,1.05
2016.04.21 11:47:31.498,1.3458,1.34617,1.75,1.80
2016.04.21 11:47:31.751,1.34567,1.34607,1.00,1.05
2016.04.21 11:47:31.852,1.34568,1.34596,1.42,1.00
2016.04.21 11:47:31.902,1.34566,1.34602,2.25,1.00
2016.04.21 11:47:32.087,1.34567,1.34602,1.42,1.12
2016.04.21 11:47:32.189,1.34565,1.34602,1.42,1.37
2016.04.21 11:47:32.738,1.34565,1.34602,1.42,1.37
2016.04.21 11:47:42.874,1.34568,1.34603,1.37,1.50
2016.04.21 11:47:44.522,1.34569,1.34606,1.42,1.75
2016.04.21 11:47:44.623,1.34569,1.34606,1.42,1.50
2016.04.21 11:47:55.628,1.34572,1.34605,1.05,1.07
2016.04.21 11:47:57.949,1.34573,1.34607,1.05,1.37
2016.04.21 11:48:00.336,1.34573,1.34608,1.42,1.37
2016.04.21 11:48:00.860,1.34571,1.34606,1.42,1.37
2016.04.21 11:48:01.329,1.34571,1.34607,1.42,1.75
2016.04.21 11:48:01.581,1.34571,1.34607,2.17,1.37
2016.04.21 11:48:08.274,1.34572,1.34608,1.42,2.25
2016.04.21 11:48:08.884,1.34572,1.34608,1.42,1.50
2016.04.21 11:48:12.333,1.3457,1.34608,2.25,2.17
2016.04.21 11:48:18.371,1.34572,1.34606,1.75,1.37
2016.04.21 11:48:19.687,1.3457,1.34606,2.25,1.50
2016.04.21 11:48:22.369,1.34572,1.34606,1.37,1.50
2016.04.21 11:48:25.584,1.34573,1.34605,1.07,1.42
2016.04.21 11:48:26.780,1.34571,1.34605,1.37,2.92
2016.04.21 11:48:31.743,1.34571,1.34604,1.07,1.75
2016.04.21 11:48:37.425,1.34567,1.34601,1.50,1.37
2016.04.21 11:48:43.730,1.34565,1.34599,3.00,1.50
2016.04.21 11:48:44.510,1.34568,1.34602,1.87,2.25
2016.04.21 11:48:47.554,1.34567,1.346,1.12,1.75
2016.04.21 11:48:48.153,1.34565,1.34598,1.37,2.25
2016.04.21 11:48:49.902,1.34565,1.34599,2.25,2.17
2016.04.21 11:48:55.138,1.34567,1.34599,1.50,1.37
2016.04.21 11:48:58.543,1.34567,1.346,1.75,1.37
2016.04.21 11:49:05.605,1.34567,1.346,1.50,2.25
2016.04.21 11:49:11.218,1.34566,1.34599,1.87,1.37
2016.04.21 11:49:11.901,1.34566,1.346,1.57,2.92
2016.04.21 11:49:13.423,1.34565,1.34598,1.07,2.25
2016.04.21 11:49:13.788,1.34552,1.34585,1.50,1.50
2016.04.21 11:49:14.277,1.3455,1.34585,1.05,1.75
2016.04.21 11:49:14.428,1.34548,1.34583,1.50,1.42
2016.04.21 11:49:14.743,1.34546,1.34581,1.50,1.42
2016.04.21 11:49:14.845,1.34544,1.34575,1.87,1.05
2016.04.21 11:49:14.946,1.34533,1.34567,1.00,1.12
2016.04.21 11:49:15.048,1.34531,1.34557,1.00,1.37
2016.04.21 11:49:15.098,1.34523,1.34557,1.00,1.37
2016.04.21 11:49:15.149,1.34517,1.34554,1.00,1.07
2016.04.21 11:49:15.200,1.34515,1.34554,1.00,1.07
2016.04.21 11:49:15.251,1.3451,1.34551,1.00,1.00
2016.04.21 11:49:15.306,1.3451,1.34551,1.00,1.37
2016.04.21 11:49:15.462,1.34503,1.3455,1.50,1.05
2016.04.21 11:49:15.513,1.34503,1.3455,1.00,1.42
2016.04.21 11:49:15.665,1.34493,1.34544,1.00,1.05
2016.04.21 11:49:15.968,1.34489,1.34543,1.00,1.05
2016.04.21 11:49:16.069,1.34486,1.34543,1.07,1.05
2016.04.21 11:49:16.179,1.34488,1.34542,1.37,1.37
2016.04.21 11:49:16.496,1.34494,1.34542,2.17,1.80
2016.04.21 11:49:17.281,1.34506,1.34545,1.05,1.05
2016.04.21 11:49:17.595,1.34512,1.34549,1.05,1.42
2016.04.21 11:49:17.949,1.34513,1.3455,1.37,1.42
2016.04.21 11:49:18.384,1.34513,1.3455,1.42,1.42
2016.04.21 11:49:18.687,1.34517,1.34554,1.05,1.42
2016.04.21 11:49:20.653,1.34517,1.34554,1.42,1.42
2016.04.21 11:49:20.810,1.34517,1.34554,1.42,1.05
2016.04.21 11:49:22.343,1.34518,1.34557,1.42,1.42
2016.04.21 11:49:22.978,1.34518,1.34557,2.17,1.42
2016.04.21 11:49:24.329,1.3452,1.34558,2.17,1.50
2016.04.21 11:49:24.740,1.34521,1.34558,1.42,2.92
2016.04.21 11:49:27.960,1.34519,1.34556,1.42,1.42
2016.04.21 11:49:29.141,1.34516,1.34554,2.17,1.75
2016.04.21 11:49:30.483,1.34516,1.34552,1.75,2.17
2016.04.21 11:49:32.573,1.34515,1.34552,2.17,1.42
2016.04.21 11:49:33.039,1.34516,1.34549,1.37,1.75
2016.04.21 11:49:33.342,1.34507,1.34546,2.17,1.42
2016.04.21 11:49:40.479,1.34508,1.34545,2.17,1.42
2016.04.21 11:49:41.149,1.3451,1.34546,1.42,1.50
2016.04.21 11:49:46.310,1.3451,1.34547,1.42,2.92
2016.04.21 11:49:49.837,1.3451,1.34542,1.42,1.12
2016.04.21 11:49:55.783,1.34509,1.34544,1.42,1.37
2016.04.21 11:50:00.489,1.34509,1.34544,1.42,1.50
2016.04.21 11:50:03.114,1.34507,1.34544,1.42,1.75
2016.04.21 11:50:05.431,1.34508,1.34544,1.42,1.37
2016.04.21 11:50:05.936,1.34508,1.34544,1.42,1.37
2016.04.21 11:50:06.658,1.34509,1.34544,1.42,1.12
2016.04.21 11:50:07.181,1.3451,1.34547,1.42,1.37
2016.04.21 11:50:08.221,1.34511,1.34547,2.17,1.37
2016.04.21 11:50:09.347,1.34511,1.34547,2.17,1.37
2016.04.21 11:50:10.934,1.34511,1.34549,1.75,2.17
2016.04.21 11:50:11.035,1.34511,1.34549,1.75,1.80
2016.04.21 11:50:11.187,1.34518,1.34549,1.37,1.12
2016.04.21 11:50:12.370,1.34515,1.34549,2.17,1.07
2016.04.21 11:50:13.584,1.34516,1.34552,2.17,1.50
2016.04.21 11:50:14.038,1.34518,1.34553,1.42,1.37
2016.04.21 11:50:14.241,1.34523,1.34553,1.75,1.07
2016.04.21 11:50:14.695,1.34523,1.34553,2.17,1.00
2016.04.21 11:50:15.278,1.34524,1.34558,1.75,1.37
2016.04.21 11:50:15.481,1.34527,1.34558,1.50,1.37
2016.04.21 11:50:16.209,1.34527,1.34558,1.75,1.07
2016.04.21 11:50:16.512,1.34531,1.34562,2.25,1.12
2016.04.21 11:50:17.788,1.34533,1.34565,1.75,1.12
2016.04.21 11:50:17.889,1.34533,1.34565,1.75,1.07
2016.04.21 11:50:19.434,1.34535,1.34565,1.75,1.07
2016.04.21 11:50:21.528,1.34534,1.34567,1.42,1.12
2016.04.21 11:50:22.946,1.34532,1.34566,1.42,1.12
2016.04.21 11:50:23.490,1.34532,1.34566,1.42,1.37
2016.04.21 11:50:24.152,1.34529,1.34563,1.42,1.75
2016.04.21 11:50:24.299,1.34529,1.34563,1.05,2.25
2016.04.21 11:50:24.602,1.34525,1.34561,2.17,1.75
2016.04.21 11:50:24.905,1.34523,1.34559,1.42,3.00
2016.04.21 11:50:26.227,1.34521,1.34556,1.75,1.80
2016.04.21 11:50:26.328,1.34519,1.34556,2.17,2.92
2016.04.21 11:50:26.662,1.34514,1.34551,1.37,2.17
2016.04.21 11:50:26.763,1.34512,1.34547,1.75,1.37
2016.04.21 11:50:27.117,1.34507,1.34544,1.42,1.50
2016.04.21 11:50:27.318,1.34507,1.34544,1.42,1.75
2016.04.21 11:50:29.334,1.34507,1.34544,2.17,1.37
2016.04.21 11:50:34.803,1.34507,1.34542,1.42,1.75
2016.04.21 11:50:35.141,1.34497,1.34527,1.67,1.07
2016.04.21 11:50:35.192,1.34494,1.34527,1.07,1.07
2016.04.21 11:50:35.243,1.34493,1.34527,1.42,1.37
2016.04.21 11:50:35.748,1.34492,1.34528,1.42,1.50
2016.04.21 11:50:36.077,1.34492,1.34528,1.42,1.37
2016.04.21 11:50:37.468,1.34492,1.34525,1.42,1.12
2016.04.21 11:50:39.330,1.34495,1.34525,1.37,1.07
2016.04.21 11:50:39.788,1.34492,1.34525,1.42,1.37
2016.04.21 11:50:40.114,1.34498,1.34525,1.12,1.07
2016.04.21 11:50:41.544,1.34498,1.34528,1.37,1.37
2016.04.21 11:50:41.866,1.34503,1.34531,1.07,1.37
2016.04.21 11:50:41.967,1.34497,1.34531,1.42,1.37
2016.04.21 11:50:43.964,1.34497,1.34531,1.42,1.50
2016.04.21 11:50:47.564,1.34494,1.3453,1.42,1.37
2016.04.21 11:50:55.288,1.34494,1.3453,1.42,1.37
2016.04.21 11:50:56.375,1.34497,1.3453,1.37,2.25
2016.04.21 11:50:57.494,1.34491,1.34527,1.42,1.37
2016.04.21 11:50:57.696,1.34488,1.34521,1.75,1.07
2016.04.21 11:50:57.898,1.34484,1.34519,1.42,1.75
2016.04.21 11:50:59.240,1.34486,1.34518,1.12,1.75
2016.04.21 11:50:59.543,1.34485,1.34513,1.07,1.37
2016.04.21 11:51:01.003,1.34486,1.3452,1.42,1.12
2016.04.21 11:51:01.508,1.34487,1.34521,2.17,1.12
2016.04.21 11:51:02.006,1.34491,1.34524,1.50,1.37
2016.04.21 11:51:02.537,1.34491,1.34524,1.42,1.07
2016.04.21 11:51:04.737,1.34492,1.34524,1.42,1.07
2016.04.21 11:51:05.974,1.34494,1.34527,1.42,1.37
2016.04.21 11:51:07.177,1.34494,1.34528,1.42,1.12
2016.04.21 11:51:07.279,1.34498,1.34531,1.42,2.25
2016.04.21 11:51:07.481,1.345,1.34534,1.42,1.37
2016.04.21 11:51:10.244,1.34501,1.34534,1.42,1.12
2016.04.21 11:51:10.834,1.34501,1.34515,1.42,1.00
2016.04.21 11:51:10.935,1.34496,1.3452,1.75,1.50
2016.04.21 11:51:10.986,1.34496,1.3452,1.00,2.25
2016.04.21 11:51:11.223,1.34499,1.34516,1.75,1.00
2016.04.21 11:51:11.276,1.34501,1.34535,1.42,3.22
2016.04.21 11:51:11.427,1.34497,1.34533,2.17,1.50
2016.04.21 11:51:11.939,1.34497,1.34533,2.17,1.50
2016.04.21 11:51:12.091,1.34496,1.34532,1.42,1.75
2016.04.21 11:51:12.742,1.34494,1.3453,1.42,1.75
2016.04.21 11:51:13.095,1.34491,1.34527,1.42,1.75
2016.04.21 11:51:14.325,1.3449,1.34524,1.42,1.37
2016.04.21 11:51:14.866,1.34495,1.34527,1.37,1.50
2016.04.21 11:51:18.724,1.34497,1.34531,1.50,1.75
2016.04.21 11:51:18.825,1.34498,1.34531,1.37,1.37
2016.04.21 11:51:18.926,1.34498,1.34532,1.75,2.25
2016.04.21 11:51:19.513,1.345,1.34535,1.50,1.75
2016.04.21 11:51:30.696,1.345,1.34536,1.42,1.50
2016.04.21 11:51:30.902,1.34502,1.34538,1.75,2.25
2016.04.21 11:51:31.266,1.34504,1.34538,1.75,1.37
2016.04.21 11:51:31.721,1.34506,1.34545,1.42,2.40
2016.04.21 11:51:31.822,1.34507,1.34546,1.42,2.17
2016.04.21 11:51:32.341,1.34511,1.34545,2.17,1.37
2016.04.21 11:51:32.392,1.34511,1.3455,1.42,1.42
2016.04.21 11:51:32.493,1.34511,1.3455,1.42,2.17
2016.04.21 11:51:32.710,1.34513,1.34551,1.42,1.75
2016.04.21 11:51:33.013,1.34514,1.34553,2.17,1.42
2016.04.21 11:51:34.267,1.34514,1.34551,1.42,1.75
2016.04.21 11:51:35.875,1.34514,1.34547,1.42,1.37
2016.04.21 11:51:36.977,1.34512,1.34548,1.50,1.75
2016.04.21 11:51:37.678,1.3451,1.34546,1.75,1.75
2016.04.21 11:51:37.981,1.34507,1.34542,1.42,1.50
2016.04.21 11:51:38.321,1.34504,1.34539,1.42,1.37
2016.04.21 11:51:38.430,1.34504,1.34539,1.42,1.50
2016.04.21 11:51:39.396,1.34504,1.34538,1.42,1.50
2016.04.21 11:51:39.548,1.34501,1.34537,1.75,1.37
2016.04.21 11:51:39.650,1.34501,1.34537,1.50,1.75
2016.04.21 11:51:41.089,1.34504,1.34536,1.42,1.12
2016.04.21 11:51:41.416,1.34507,1.34539,1.42,1.37
2016.04.21 11:51:41.518,1.34507,1.34538,1.42,1.10
2016.04.21 11:51:42.049,1.34509,1.34541,1.42,1.07
2016.04.21 11:51:42.251,1.34512,1.34544,1.42,1.37
2016.04.21 11:51:47.778,1.3451,1.34543,1.42,1.87
2016.04.21 11:51:48.662,1.34511,1.34545,1.50,1.37
2016.04.21 11:51:49.736,1.34512,1.34546,2.17,2.25
2016.04.21 11:51:49.988,1.34512,1.34546,2.17,1.12
2016.04.21 11:51:51.170,1.34513,1.34547,2.92,1.12
2016.04.21 11:51:51.473,1.34517,1.34551,1.42,1.87
2016.04.21 11:51:51.524,1.34518,1.34551,1.42,1.12
2016.04.21 11:51:51.626,1.34518,1.34549,1.42,1.00
2016.04.21 11:51:51.929,1.3452,1.34552,1.42,1.07
2016.04.21 11:51:52.081,1.34522,1.34553,1.42,1.07
2016.04.21 11:51:54.130,1.34523,1.34555,1.42,1.12
2016.04.21 11:51:55.364,1.34525,1.34558,1.42,1.37
2016.04.21 11:51:55.603,1.34528,1.34559,1.05,1.12
2016.04.21 11:51:55.906,1.34532,1.34565,1.00,1.07
2016.04.21 11:51:56.008,1.34528,1.34568,1.75,1.12
2016.04.21 11:51:56.160,1.34533,1.34569,1.05,1.50
2016.04.21 11:51:56.362,1.34535,1.3457,1.07,1.12
2016.04.21 11:51:56.575,1.34537,1.34571,1.05,1.37
2016.04.21 11:51:57.130,1.34535,1.34571,1.42,1.87
2016.04.21 11:51:57.439,1.34535,1.34571,1.42,1.75
2016.04.21 11:51:57.688,1.34535,1.34571,1.42,1.37
2016.04.21 11:51:58.193,1.34535,1.34565,1.42,1.00
2016.04.21 11:51:58.743,1.34535,1.34564,1.42,1.00
2016.04.21 11:52:00.289,1.34534,1.34563,1.42,1.00
2016.04.21 11:52:00.410,1.34534,1.34564,1.05,1.07
2016.04.21 11:52:01.955,1.34531,1.34564,1.42,1.37
2016.04.21 11:52:02.953,1.3453,1.34561,1.42,1.07
2016.04.21 11:52:03.265,1.3453,1.34562,1.42,1.50
2016.04.21 11:52:04.150,1.34529,1.34559,1.42,1.12
2016.04.21 11:52:07.445,1.34528,1.34564,1.42,1.50
2016.04.21 11:52:07.760,1.34528,1.3456,1.42,1.37
2016.04.21 11:52:08.117,1.34529,1.34564,1.42,1.87
2016.04.21 11:52:09.027,1.34528,1.34561,1.42,1.37
2016.04.21 11:52:09.462,1.34527,1.3456,1.42,1.87
2016.04.21 11:52:10.675,1.34527,1.3456,1.42,1.75
2016.04.21 11:52:11.643,1.34524,1.34558,2.17,1.87
2016.04.21 11:52:12.178,1.34524,1.34558,1.42,1.37
2016.04.21 11:52:18.681,1.34526,1.3456,2.25,1.50
2016.04.21 11:52:19.773,1.34527,1.3456,2.17,1.12
2016.04.21 11:52:22.303,1.34527,1.3456,1.42,1.37
2016.04.21 11:52:22.404,1.34526,1.34559,1.37,1.37
2016.04.21 11:52:25.919,1.34524,1.34557,1.42,1.37
2016.04.21 11:52:29.588,1.34524,1.3456,2.17,1.75
2016.04.21 11:52:31.777,1.34526,1.34561,1.75,1.05
2016.04.21 11:52:32.309,1.34527,1.34562,1.75,1.50
2016.04.21 11:52:33.554,1.34527,1.34562,2.17,1.50
2016.04.21 11:52:36.810,1.34528,1.34561,1.42,1.37
2016.04.21 11:52:49.505,1.34526,1.3456,2.17,1.37
2016.04.21 11:52:50.569,1.34526,1.34561,2.17,2.25
2016.04.21 11:52:50.671,1.34526,1.34558,1.12,1.37
2016.04.21 11:52:51.616,1.34522,1.34555,2.17,1.12
2016.04.21 11:52:51.667,1.34521,1.34555,1.42,1.37
2016.04.21 11:52:52.691,1.34519,1.34553,2.17,1.37
2016.04.21 11:53:01.894,1.3452,1.34554,2.92,1.37
2016.04.21 11:53:06.759,1.34521,1.34554,2.17,1.07
2016.04.21 11:53:08.313,1.34525,1.34557,1.05,1.80
2016.04.21 11:53:08.715,1.34526,1.3456,1.42,2.17
2016.04.21 11:53:08.867,1.34526,1.34559,1.42,1.75
2016.04.21 11:53:08.968,1.34526,1.3456,1.42,2.17
2016.04.21 11:53:10.272,1.34526,1.34557,1.42,1.75
2016.04.21 11:53:10.490,1.34527,1.34558,1.42,1.37
2016.04.21 11:53:11.697,1.34527,1.34559,1.42,1.75
2016.04.21 11:53:14.991,1.34527,1.34559,1.42,1.75
2016.04.21 11:53:16.235,1.34525,1.34558,1.75,2.17
2016.04.21 11:53:21.928,1.34525,1.34558,1.75,1.42
2016.04.21 11:53:23.495,1.34524,1.34555,2.17,1.75
2016.04.21 11:53:24.043,1.34524,1.34555,2.17,1.75
2016.04.21 11:53:32.283,1.3452,1.34554,2.17,2.17
2016.04.21 11:53:32.503,1.34519,1.34552,1.42,1.75
2016.04.21 11:53:32.957,1.34519,1.34548,1.42,1.37
2016.04.21 11:53:35.120,1.34519,1.34553,1.42,1.42
2016.04.21 11:53:36.697,1.34522,1.34553,1.75,1.42
2016.04.21 11:53:36.805,1.34522,1.34553,1.75,1.42
2016.04.21 11:53:36.907,1.34522,1.34552,1.42,1.37
2016.04.21 11:53:37.008,1.34524,1.34556,1.42,2.17
2016.04.21 11:53:37.631,1.34526,1.34558,1.42,2.17
2016.04.21 11:53:38.135,1.34526,1.34558,1.42,2.17
2016.04.21 11:53:39.955,1.34526,1.34558,1.42,2.92
2016.04.21 11:53:41.159,1.34523,1.34557,1.42,2.92
2016.04.21 11:53:43.368,1.34523,1.34557,1.42,2.92
2016.04.21 11:53:44.824,1.34523,1.34556,1.42,2.25
2016.04.21 11:53:47.247,1.34521,1.34554,1.42,1.75
2016.04.21 11:53:47.349,1.3452,1.34552,1.75,1.75
2016.04.21 11:53:47.652,1.34518,1.3455,1.42,1.42
2016.04.21 11:53:47.803,1.34517,1.34549,1.42,1.42
2016.04.21 11:53:48.370,1.34517,1.34549,1.42,2.17
2016.04.21 11:53:50.948,1.34515,1.34547,1.42,1.42
2016.04.21 11:53:51.940,1.34514,1.34546,2.17,1.42
2016.04.21 11:54:00.302,1.34516,1.34546,1.75,1.42
2016.04.21 11:54:01.184,1.34515,1.34547,2.17,1.42
2016.04.21 11:54:01.335,1.34516,1.34549,1.42,1.75
2016.04.21 11:54:01.990,1.34518,1.3455,1.42,1.42
2016.04.21 11:54:02.331,1.34522,1.34554,2.17,1.42
2016.04.21 11:54:02.644,1.34524,1.34555,1.75,1.42
2016.04.21 11:54:03.420,1.34525,1.34557,1.42,1.42
2016.04.21 11:54:04.052,1.34526,1.34557,1.75,1.75
2016.04.21 11:54:04.270,1.34528,1.34557,1.42,1.12
2016.04.21 11:54:06.267,1.34528,1.34562,1.42,2.17
2016.04.21 11:54:07.709,1.3453,1.34561,1.42,1.75
2016.04.21 11:54:08.127,1.3453,1.34561,1.42,1.75
2016.04.21 11:54:15.842,1.34528,1.3456,1.42,1.75
2016.04.21 11:54:16.949,1.34526,1.34558,2.17,1.50
2016.04.21 11:54:17.050,1.34526,1.34558,2.17,1.75
2016.04.21 11:54:17.929,1.34526,1.34558,1.42,2.17
2016.04.21 11:54:22.744,1.34524,1.34556,1.42,1.42
2016.04.21 11:54:22.896,1.34524,1.34555,1.42,1.75
2016.04.21 11:54:22.997,1.34523,1.34555,1.42,2.17
2016.04.21 11:54:23.883,1.34521,1.34553,2.17,1.42
2016.04.21 11:54:24.880,1.34521,1.34552,1.42,1.12
2016.04.21 11:54:25.233,1.34518,1.3455,2.17,1.42
2016.04.21 11:54:26.629,1.34518,1.34549,1.42,1.75
2016.04.21 11:54:30.056,1.34515,1.34549,2.17,2.92
2016.04.21 11:54:31.493,1.34516,1.34548,2.17,1.42
2016.04.21 11:54:35.566,1.34518,1.3455,1.42,1.42
2016.04.21 11:54:35.887,1.34518,1.3455,1.42,1.42
2016.04.21 11:54:39.735,1.3452,1.34552,1.75,1.42
2016.04.21 11:54:39.987,1.34523,1.34556,1.42,3.75
2016.04.21 11:54:40.088,1.34523,1.34556,2.17,1.75
2016.04.21 11:54:40.290,1.34525,1.34557,1.42,1.42
2016.04.21 11:54:40.622,1.34526,1.34558,1.42,1.75
2016.04.21 11:54:41.170,1.34528,1.3456,1.42,2.17
2016.04.21 11:54:41.823,1.34529,1.3456,1.42,1.50
2016.04.21 11:55:10.320,1.3453,1.34562,1.42,2.17
2016.04.21 11:55:15.736,1.34531,1.34562,1.42,1.75
2016.04.21 11:55:18.025,1.34527,1.3456,1.42,1.75
2016.04.21 11:55:18.596,1.34526,1.34558,1.42,1.75
2016.04.21 11:55:19.466,1.34525,1.34558,1.42,1.75
2016.04.21 11:55:20.855,1.34525,1.34556,1.42,1.75
2016.04.21 11:55:37.158,1.34526,1.34556,1.42,1.50
2016.04.21 11:55:38.240,1.34526,1.34558,1.42,2.17
2016.04.21 11:55:38.682,1.34526,1.34558,2.17,1.50
2016.04.21 11:55:40.360,1.34528,1.3456,1.42,1.75
2016.04.21 11:55:40.897,1.3453,1.34562,1.75,1.42
2016.04.21 11:55:41.166,1.34531,1.34562,1.42,1.75
2016.04.21 11:55:52.316,1.34529,1.34563,1.42,2.92
2016.04.21 11:55:54.184,1.34529,1.3456,1.42,1.75
2016.04.21 11:55:54.737,1.34526,1.3456,2.92,2.17
2016.04.21 11:55:55.336,1.34525,1.34556,1.75,2.17
2016.04.21 11:55:55.389,1.34525,1.34556,1.50,2.17
2016.04.21 11:55:55.813,1.3452,1.34553,2.17,1.75
2016.04.21 11:55:56.348,1.34522,1.34554,1.50,2.17
2016.04.21 11:55:57.796,1.3452,1.34552,1.42,2.92
2016.04.21 11:55:58.697,1.34518,1.3455,1.75,1.75
2016.04.21 11:55:59.572,1.34519,1.34549,1.50,1.50
2016.04.21 11:56:03.281,1.34517,1.34547,1.75,1.05
2016.04.21 11:56:03.948,1.34516,1.34548,2.17,1.75
2016.04.21 11:56:04.620,1.34517,1.34548,1.42,1.75
2016.04.21 11:56:13.756,1.34515,1.34547,2.17,1.75
2016.04.21 11:56:15.410,1.34516,1.34545,1.50,1.75
2016.04.21 11:56:21.141,1.34516,1.34546,1.75,1.42
2016.04.21 11:56:24.534,1.34515,1.34546,2.25,2.17
2016.04.21 11:56:28.378,1.34515,1.34546,1.75,1.75
2016.04.21 11:56:31.139,1.34515,1.34546,1.75,2.17
2016.04.21 11:56:44.682,1.34514,1.34545,1.75,2.92
2016.04.21 11:56:52.271,1.34514,1.34543,1.75,1.10
2016.04.21 11:56:52.372,1.34517,1.34543,1.75,1.37
2016.04.21 11:56:52.473,1.34515,1.34543,1.50,1.37
2016.04.21 11:56:53.103,1.34515,1.34546,1.75,2.17
2016.04.21 11:56:56.311,1.34513,1.34545,2.17,2.17
2016.04.21 11:56:58.303,1.34512,1.34543,1.75,1.75
2016.04.21 11:57:00.071,1.34512,1.34544,1.75,3.30
2016.04.21 11:57:07.740,1.34513,1.34543,1.75,1.42
2016.04.21 11:57:08.290,1.34512,1.34545,1.75,2.17
2016.04.21 11:57:08.644,1.34515,1.34546,1.75,2.17
2016.04.21 11:57:10.049,1.34515,1.34547,2.17,1.42
2016.04.21 11:57:10.305,1.34516,1.3455,2.17,2.92
2016.04.21 11:57:10.608,1.3452,1.34552,2.17,1.42
2016.04.21 11:57:10.993,1.3452,1.34552,2.17,1.42
2016.04.21 11:57:17.428,1.34521,1.34552,2.25,1.42
2016.04.21 11:57:17.781,1.34523,1.34555,1.42,1.42
2016.04.21 11:57:20.191,1.34527,1.34554,1.42,1.37
2016.04.21 11:57:26.698,1.34524,1.34555,1.42,1.75
2016.04.21 11:57:31.511,1.34524,1.34554,1.42,1.75
2016.04.21 11:57:40.410,1.34523,1.34551,1.42,1.37
2016.04.21 11:57:40.952,1.3452,1.34549,1.75,1.75
2016.04.21 11:57:41.103,1.34518,1.34547,1.42,1.50
2016.04.21 11:57:42.178,1.34516,1.34547,2.92,1.37
2016.04.21 11:57:47.442,1.34518,1.34547,1.42,1.75
2016.04.21 11:57:48.897,1.34517,1.34548,1.42,2.25
2016.04.21 11:57:52.078,1.34517,1.34548,1.42,2.25
2016.04.21 11:57:52.179,1.34517,1.34548,1.42,2.25
2016.04.21 11:57:54.280,1.34517,1.34551,2.17,2.17
2016.04.21 11:57:57.702,1.34519,1.34547,1.42,1.50
2016.04.21 11:57:58.005,1.34516,1.34546,2.17,1.75
2016.04.21 11:58:07.620,1.34514,1.34546,1.42,1.75
2016.04.21 11:58:09.229,1.34514,1.34548,2.17,2.92
2016.04.21 11:58:09.484,1.34515,1.34549,2.17,2.17
2016.04.21 11:58:09.585,1.34518,1.34552,1.42,2.92
2016.04.21 11:58:09.787,1.3452,1.34551,1.42,1.75
2016.04.21 11:58:15.540,1.34521,1.34554,1.75,1.42
2016.04.21 11:58:15.642,1.34522,1.34554,1.42,1.42
2016.04.21 11:58:18.045,1.34522,1.34554,2.17,1.42
2016.04.21 11:58:20.382,1.34523,1.34554,1.42,1.37
2016.04.21 11:58:21.457,1.34523,1.34555,1.42,1.75
2016.04.21 11:58:27.828,1.34523,1.34556,1.75,1.42
2016.04.21 11:58:41.922,1.34524,1.34556,2.17,1.42
2016.04.21 11:58:45.751,1.34524,1.34556,2.17,1.42
2016.04.21 11:58:46.631,1.34523,1.34554,1.75,1.75
2016.04.21 11:58:54.107,1.34523,1.34557,1.42,1.42
2016.04.21 11:58:59.409,1.34525,1.34554,1.75,1.75
2016.04.21 11:59:01.705,1.34522,1.34554,2.17,1.75
2016.04.21 11:59:02.381,1.34521,1.34553,1.75,1.75
2016.04.21 11:59:02.683,1.34519,1.3455,2.25,2.17
2016.04.21 11:59:03.484,1.34517,1.3455,1.75,2.17
2016.04.21 11:59:05.115,1.34518,1.34548,1.75,1.50
2016.04.21 11:59:05.475,1.34519,1.34551,2.17,1.75
2016.04.21 11:59:06.420,1.34522,1.34552,1.42,1.75
2016.04.21 11:59:06.995,1.34522,1.34556,1.42,2.17
2016.04.21 11:59:10.180,1.34522,1.34555,2.17,1.75
2016.04.21 11:59:11.386,1.34525,1.34557,1.42,1.42
2016.04.21 11:59:13.940,1.34525,1.34557,1.42,1.42
2016.04.21 11:59:14.802,1.34523,1.34555,1.42,1.42
2016.04.21 11:59:15.896,1.34522,1.34553,2.17,1.75
2016.04.21 11:59:17.135,1.34522,1.34554,2.17,2.17
2016.04.21 11:59:17.998,1.34522,1.34554,1.75,2.17
2016.04.21 11:59:18.889,1.34524,1.34556,2.25,2.17
2016.04.21 11:59:22.813,1.34525,1.34558,1.75,2.55
2016.04.21 11:59:30.510,1.34526,1.34558,2.92,1.80
2016.04.21 11:59:31.315,1.34528,1.34559,2.17,1.75
2016.04.21 11:59:31.467,1.34529,1.34561,1.42,2.17
2016.04.21 11:59:31.830,1.34531,1.34564,2.17,2.25
2016.04.21 11:59:33.237,1.34533,1.34564,1.75,1.42
2016.04.21 11:59:49.078,1.34533,1.34564,1.75,1.75
2016.04.21 11:59:50.282,1.34533,1.34563,1.75,1.50
2016.04.21 11:59:52.672,1.34534,1.34566,1.42,2.17
2016.04.21 11:59:56.084,1.34534,1.34566,1.42,2.17
2016.04.21 11:59:57.427,1.34532,1.34563,1.42,1.75
