2012.01.13 18:00:06.094,1.29281,1.29344,3.38,2.25
2012.01.13 18:00:07.418,1.29282,1.29344,1.13,2.25
2012.01.13 18:00:07.485,1.29285,1.29344,1.13,2.25
2012.01.13 18:00:08.819,1.29291,1.29344,2.25,2.25
2012.01.13 18:00:13.193,1.29291,1.29351,2.25,1.13
2012.01.13 18:00:13.262,1.29292,1.29354,1.13,3.38
2012.01.13 18:00:13.330,1.29292,1.29354,1.13,2.63
2012.01.13 18:00:16.359,1.2929,1.29345,2.63,2.25
2012.01.13 18:00:22.948,1.2929,1.29345,3.00,2.25
2012.01.13 18:00:23.010,1.2929,1.29351,3.00,1.13
2012.01.13 18:00:23.680,1.29291,1.29355,1.13,2.63
2012.01.13 18:00:49.121,1.2929,1.29345,3.00,2.25
2012.01.13 18:00:49.190,1.2929,1.29345,2.63,2.25
2012.01.13 18:02:04.099,1.2929,1.29345,3.00,2.25
2012.01.13 18:02:04.221,1.2929,1.29352,3.00,1.13
2012.01.13 18:02:04.340,1.2929,1.29355,4.13,2.63
2012.01.13 18:05:16.397,1.29295,1.29365,1.50,3.00
2012.01.13 18:05:16.705,1.29299,1.29374,2.25,2.25
2012.01.13 18:05:16.953,1.29329,1.294,1.50,1.13
2012.01.13 18:05:24.632,1.29342,1.29432,1.13,4.50
2012.01.13 18:05:24.691,1.29345,1.29432,1.50,4.50
2012.01.13 18:05:26.133,1.29328,1.2939,1.13,3.00
2012.01.13 18:05:26.197,1.29331,1.2942,1.50,1.50
2012.01.13 18:05:26.621,1.29332,1.29421,1.50,1.50
2012.01.13 18:05:32.701,1.2933,1.29403,1.50,1.13
2012.01.13 18:05:33.032,1.29329,1.29391,1.50,2.25
2012.01.13 18:05:33.151,1.29329,1.29391,1.13,2.63
2012.01.13 18:06:46.542,1.2933,1.29385,2.63,2.25
2012.01.13 18:07:00.087,1.2933,1.29385,2.25,3.00
2012.01.13 18:07:00.159,1.2931,1.29385,1.13,3.00
2012.01.13 18:07:00.343,1.293,1.29385,1.50,3.00
2012.01.13 18:07:00.581,1.293,1.29384,1.50,3.00
2012.01.13 18:07:01.042,1.29313,1.2937,1.13,1.50
2012.01.13 18:07:02.651,1.29312,1.29373,1.13,1.50
2012.01.13 18:07:10.060,1.29322,1.29369,1.13,1.50
2012.01.13 18:07:10.320,1.29322,1.29369,1.13,1.50
2012.01.13 18:07:20.731,1.2933,1.29374,1.13,3.00
2012.01.13 18:07:30.031,1.29291,1.29374,3.00,3.00
2012.01.13 18:09:14.812,1.29291,1.29374,3.75,3.00
2012.01.13 18:10:36.273,1.2929,1.29375,3.75,3.00
2012.01.13 18:14:34.951,1.29302,1.29377,3.00,3.00
2012.01.13 18:15:04.845,1.29302,1.29377,3.00,3.00
2012.01.13 18:15:05.082,1.29302,1.29377,2.25,2.25
2012.01.13 18:15:19.723,1.29308,1.29377,1.65,2.25
2012.01.13 18:15:21.050,1.29318,1.29377,1.13,2.25
2012.01.13 18:16:09.183,1.29302,1.29377,3.00,3.00
2012.01.13 18:17:33.122,1.29303,1.29366,3.00,2.25
2012.01.13 18:17:33.243,1.29303,1.29366,2.63,2.63
2012.01.13 18:20:02.226,1.29293,1.29366,3.00,3.00
2012.01.13 18:20:11.772,1.29302,1.29367,2.63,3.00
2012.01.13 18:20:11.892,1.29302,1.29367,3.00,2.63
2012.01.13 18:24:02.542,1.29302,1.29367,3.00,2.25
2012.01.13 18:24:02.604,1.29303,1.29382,3.00,1.50
2012.01.13 18:24:02.662,1.29303,1.29382,3.00,1.50
2012.01.13 18:27:41.073,1.29303,1.29385,3.00,1.50
2012.01.13 18:27:48.503,1.29303,1.29376,3.00,3.00
2012.01.13 18:30:08.152,1.29303,1.29385,3.00,1.50
2012.01.13 18:30:15.543,1.29302,1.29377,3.00,3.00
2012.01.13 18:32:25.772,1.29302,1.29386,3.00,1.50
2012.01.13 18:32:52.035,1.29302,1.29381,3.00,1.50
2012.01.13 18:37:05.614,1.29303,1.29386,3.00,3.00
2012.01.13 18:37:17.202,1.29303,1.29386,3.00,3.00
2012.01.13 18:37:42.923,1.29303,1.29386,3.00,3.00
2012.01.13 18:37:54.323,1.29303,1.29376,3.00,3.00
2012.01.13 18:38:18.263,1.29328,1.29376,1.88,3.00
2012.01.13 18:38:18.383,1.29334,1.29386,3.00,3.00
2012.01.13 18:38:18.564,1.29334,1.29382,3.00,1.50
2012.01.13 18:38:18.622,1.29299,1.29361,1.13,1.13
2012.01.13 18:38:18.812,1.29299,1.29371,2.25,2.64
2012.01.13 18:38:18.873,1.29299,1.29388,1.50,1.50
2012.01.13 18:38:19.052,1.29299,1.29388,1.50,1.88
2012.01.13 18:42:55.586,1.29296,1.29382,1.88,1.50
2012.01.13 18:42:55.944,1.29293,1.29346,2.25,2.25
2012.01.13 18:42:56.003,1.29292,1.29361,2.63,1.50
2012.01.13 18:42:56.062,1.29292,1.29365,3.00,1.13
2012.01.13 18:42:56.123,1.29292,1.29374,3.00,1.50
2012.01.13 18:44:28.266,1.29292,1.29375,3.00,1.50
2012.01.13 18:49:30.475,1.29286,1.29375,1.00,1.00
2012.01.13 18:51:48.218,1.29285,1.29376,1.00,1.00
2012.01.13 18:53:18.600,1.29285,1.29376,1.13,1.13
2012.01.13 18:53:18.916,1.29288,1.29362,1.50,1.50
2012.01.13 18:53:19.338,1.2926,1.29342,1.13,1.50
2012.01.13 18:58:19.371,1.29227,1.29353,1.13,1.13
