2012.12.27 13:00:48.628,1.22145,1.22165,2.48,2.25
2012.12.27 13:00:48.867,1.2215,1.2217,2.25,2.48
2012.12.27 13:00:53.058,1.22151,1.2217,1.50,2.48
2012.12.27 13:00:53.366,1.22165,1.22182,1.50,2.18
2012.12.27 13:00:53.427,1.22164,1.22182,1.13,1.43
2012.12.27 13:00:53.606,1.22159,1.22196,2.63,1.65
2012.12.27 13:00:53.666,1.22166,1.22184,1.50,1.50
2012.12.27 13:00:53.966,1.2216,1.22191,1.88,1.32
2012.12.27 13:00:54.026,1.22159,1.22187,1.88,1.50
2012.12.27 13:00:54.236,1.22159,1.222,2.63,1.54
2012.12.27 13:00:56.579,1.22163,1.22202,2.18,1.54
2012.12.27 13:00:56.886,1.22182,1.22203,1.73,1.73
2012.12.27 13:00:57.006,1.22173,1.22203,1.63,1.73
2012.12.27 13:00:57.129,1.2218,1.22202,1.73,1.73
2012.12.27 13:00:57.306,1.2218,1.22199,1.50,1.73
2012.12.27 13:00:57.366,1.22171,1.22199,1.32,1.73
2012.12.27 13:00:57.428,1.22171,1.22199,1.13,1.73
2012.12.27 13:00:58.687,1.22175,1.22195,2.25,2.25
2012.12.27 13:01:58.737,1.22168,1.22203,2.25,2.48
2012.12.27 13:01:58.996,1.22168,1.22203,2.33,2.48
2012.12.27 13:02:17.455,1.22168,1.22202,2.33,1.73
2012.12.27 13:02:19.197,1.22168,1.22202,2.33,1.73
2012.12.27 13:02:20.307,1.22168,1.22202,2.33,1.73
2012.12.27 13:02:28.467,1.22168,1.22203,2.47,1.73
2012.12.27 13:02:36.656,1.22172,1.22203,1.04,1.13
2012.12.27 13:02:43.682,1.22181,1.22205,1.58,2.03
2012.12.27 13:02:43.806,1.22185,1.22204,1.50,1.73
2012.12.27 13:02:44.387,1.22186,1.22204,1.58,1.73
2012.12.27 13:02:58.597,1.22186,1.22204,1.58,1.73
2012.12.27 13:03:28.557,1.22186,1.22204,1.50,2.48
2012.12.27 13:03:28.677,1.22186,1.22204,1.54,2.48
2012.12.27 13:03:30.529,1.22186,1.22204,1.50,2.48
2012.12.27 13:03:48.495,1.22186,1.22204,1.50,1.73
2012.12.27 13:03:48.755,1.22186,1.22205,1.58,1.73
2012.12.27 13:04:25.940,1.22186,1.22202,1.58,3.23
2012.12.27 13:04:26.447,1.22186,1.22204,1.58,2.48
2012.12.27 13:04:54.718,1.22186,1.22204,1.58,2.48
2012.12.27 13:04:55.658,1.22185,1.22204,1.58,1.73
2012.12.27 13:05:18.788,1.22185,1.22204,1.50,1.73
2012.12.27 13:05:23.277,1.22186,1.22204,1.50,2.48
2012.12.27 13:05:29.157,1.22186,1.22204,1.58,1.73
2012.12.27 13:05:31.007,1.22186,1.22204,1.50,1.73
2012.12.27 13:05:51.706,1.22186,1.22204,1.50,1.73
2012.12.27 13:06:20.130,1.22186,1.22204,1.50,1.73
2012.12.27 13:06:48.696,1.22186,1.22204,1.50,1.73
2012.12.27 13:07:08.319,1.22186,1.22203,1.50,1.13
2012.12.27 13:07:08.558,1.2218,1.222,2.25,2.48
2012.12.27 13:07:17.407,1.22181,1.222,2.48,2.25
2012.12.27 13:07:17.468,1.22185,1.22203,1.50,1.73
2012.12.27 13:07:45.931,1.22185,1.22203,1.50,1.73
2012.12.27 13:08:14.537,1.22185,1.22203,1.50,1.73
2012.12.27 13:08:41.096,1.22185,1.22203,1.50,1.35
2012.12.27 13:08:41.403,1.22181,1.222,1.73,2.48
2012.12.27 13:08:41.968,1.22178,1.22195,1.05,2.25
2012.12.27 13:08:42.137,1.22176,1.22195,1.73,2.25
2012.12.27 13:08:42.261,1.22175,1.22195,2.48,2.25
2012.12.27 13:08:42.449,1.22175,1.22195,2.25,2.25
2012.12.27 13:09:28.698,1.22176,1.22195,1.58,2.25
2012.12.27 13:09:39.331,1.22176,1.22195,1.50,2.25
2012.12.27 13:09:41.503,1.22168,1.22198,3.23,1.73
2012.12.27 13:10:01.198,1.22174,1.22198,1.13,1.73
2012.12.27 13:10:01.530,1.2218,1.22199,2.25,1.73
2012.12.27 13:11:01.648,1.22177,1.22202,1.35,1.13
2012.12.27 13:11:11.067,1.22178,1.22202,1.65,1.88
2012.12.27 13:11:30.659,1.22177,1.22202,2.10,1.13
2012.12.27 13:11:45.948,1.22177,1.22202,1.88,1.13
2012.12.27 13:11:52.950,1.22177,1.22203,1.88,1.88
2012.12.27 13:12:08.818,1.22184,1.22206,2.25,2.48
2012.12.27 13:12:08.965,1.22184,1.22206,2.25,2.25
2012.12.27 13:12:29.728,1.22185,1.22206,1.58,2.25
2012.12.27 13:12:48.689,1.22184,1.22206,2.33,2.25
2012.12.27 13:12:49.079,1.22184,1.22206,2.25,2.25
2012.12.27 13:12:49.680,1.22184,1.22206,2.33,2.25
2012.12.27 13:12:58.679,1.22184,1.22206,2.33,2.25
2012.12.27 13:12:59.059,1.22184,1.22206,2.25,2.25
2012.12.27 13:12:59.624,1.22184,1.22206,2.33,2.25
2012.12.27 13:13:08.719,1.22184,1.22206,2.33,2.25
2012.12.27 13:13:08.841,1.22178,1.22212,1.73,1.13
2012.12.27 13:13:09.028,1.22178,1.22212,1.73,1.13
2012.12.27 13:13:09.701,1.22178,1.22212,1.80,1.13
2012.12.27 13:13:10.754,1.22179,1.22212,1.73,1.88
2012.12.27 13:13:18.628,1.22184,1.22212,1.54,2.63
2012.12.27 13:13:18.699,1.22184,1.22212,1.46,2.63
2012.12.27 13:13:28.660,1.22184,1.22212,1.54,2.63
2012.12.27 13:13:28.718,1.22184,1.22212,1.46,2.63
2012.12.27 13:13:29.649,1.22184,1.22212,1.54,1.88
2012.12.27 13:13:38.657,1.22184,1.22212,1.54,2.40
2012.12.27 13:13:38.718,1.2218,1.22212,2.00,2.63
2012.12.27 13:13:40.698,1.2218,1.22212,2.00,2.63
2012.12.27 13:13:41.038,1.22179,1.22212,1.50,2.63
2012.12.27 13:14:40.835,1.22177,1.22213,1.88,2.78
2012.12.27 13:14:51.155,1.22192,1.22213,1.73,1.28
2012.12.27 13:15:05.288,1.22196,1.22217,3.23,1.73
2012.12.27 13:15:05.688,1.22202,1.22217,1.73,1.50
2012.12.27 13:15:06.049,1.22199,1.22217,2.25,1.73
2012.12.27 13:15:34.778,1.22196,1.22215,1.35,2.25
2012.12.27 13:15:34.838,1.22195,1.22215,3.00,2.25
2012.12.27 13:15:35.106,1.22196,1.22215,1.13,2.25
2012.12.27 13:15:35.168,1.22199,1.22219,2.40,1.73
2012.12.27 13:15:35.718,1.22195,1.22216,1.88,2.25
2012.12.27 13:15:36.075,1.22194,1.22216,2.25,2.25
2012.12.27 13:15:36.140,1.22195,1.22216,1.13,2.25
2012.12.27 13:15:36.539,1.222,1.2222,2.25,2.48
2012.12.27 13:15:36.780,1.22194,1.22216,3.00,2.25
2012.12.27 13:15:37.103,1.22195,1.22216,1.13,2.25
2012.12.27 13:15:37.514,1.222,1.2222,2.25,3.23
2012.12.27 13:15:37.698,1.22197,1.22216,1.35,2.25
2012.12.27 13:15:37.958,1.22194,1.22216,2.25,2.25
2012.12.27 13:15:38.201,1.22195,1.22216,1.13,2.25
2012.12.27 13:15:38.262,1.222,1.22219,2.40,1.73
2012.12.27 13:15:38.680,1.22198,1.22216,1.50,2.25
2012.12.27 13:15:38.798,1.22195,1.22216,1.50,2.25
2012.12.27 13:15:39.064,1.22195,1.22216,1.13,2.25
2012.12.27 13:15:39.399,1.222,1.2222,2.25,2.48
2012.12.27 13:15:39.658,1.22198,1.22216,1.35,2.25
2012.12.27 13:15:39.838,1.22194,1.22216,2.25,2.25
2012.12.27 13:15:40.045,1.22195,1.22216,1.13,2.25
2012.12.27 13:15:40.228,1.222,1.22219,2.40,1.73
2012.12.27 13:15:40.728,1.22197,1.22215,1.35,2.25
2012.12.27 13:15:40.908,1.22195,1.22215,2.25,2.25
2012.12.27 13:15:41.124,1.22196,1.22215,1.13,2.25
2012.12.27 13:15:41.188,1.222,1.22219,2.25,2.48
2012.12.27 13:15:41.682,1.22197,1.22215,1.35,2.25
2012.12.27 13:15:41.868,1.22195,1.22215,2.25,2.25
2012.12.27 13:15:42.180,1.22196,1.22215,1.13,2.25
2012.12.27 13:15:42.240,1.22199,1.2222,2.40,1.73
2012.12.27 13:15:42.421,1.22197,1.22215,1.35,2.25
2012.12.27 13:15:43.288,1.22195,1.22215,2.25,2.25
2012.12.27 13:15:44.660,1.22197,1.22215,1.50,2.25
2012.12.27 13:15:44.719,1.222,1.22219,2.25,1.73
2012.12.27 13:15:45.148,1.22196,1.22215,2.10,2.25
2012.12.27 13:15:45.328,1.22195,1.22215,2.25,2.25
2012.12.27 13:15:45.623,1.22196,1.22215,1.13,2.25
2012.12.27 13:15:45.748,1.222,1.2222,2.40,2.63
2012.12.27 13:15:46.200,1.22195,1.22215,3.00,2.25
2012.12.27 13:15:46.600,1.22196,1.22215,1.13,2.25
2012.12.27 13:15:46.719,1.22199,1.22219,2.40,1.73
2012.12.27 13:15:47.269,1.22198,1.22216,1.13,2.25
2012.12.27 13:15:47.449,1.22194,1.22216,2.25,2.25
2012.12.27 13:15:47.628,1.22195,1.22216,2.10,2.25
2012.12.27 13:15:47.689,1.22199,1.2222,2.40,1.88
2012.12.27 13:15:48.272,1.22195,1.22216,2.25,2.25
2012.12.27 13:15:48.572,1.22195,1.22216,1.88,2.25
2012.12.27 13:15:49.079,1.222,1.2222,2.25,2.48
2012.12.27 13:15:49.258,1.22195,1.22216,1.35,2.25
2012.12.27 13:15:49.565,1.22194,1.22216,2.25,2.25
2012.12.27 13:15:49.629,1.22195,1.22216,1.13,2.25
2012.12.27 13:15:49.929,1.222,1.2222,2.25,2.48
2012.12.27 13:15:50.318,1.22196,1.22215,1.13,2.25
2012.12.27 13:15:50.700,1.222,1.22219,2.25,1.73
2012.12.27 13:15:51.268,1.22195,1.22216,1.88,2.25
2012.12.27 13:15:51.328,1.22194,1.22216,2.25,2.25
2012.12.27 13:15:51.674,1.22199,1.2222,2.25,2.48
2012.12.27 13:15:52.178,1.22199,1.2222,2.25,1.73
2012.12.27 13:15:52.303,1.22194,1.22216,3.00,2.25
2012.12.27 13:15:52.690,1.22195,1.22216,1.13,2.25
2012.12.27 13:15:52.750,1.22199,1.22219,2.40,1.73
2012.12.27 13:15:53.188,1.22196,1.22215,1.13,2.25
2012.12.27 13:15:53.658,1.22196,1.22215,1.35,2.25
2012.12.27 13:15:53.778,1.222,1.2222,2.40,2.63
2012.12.27 13:15:54.178,1.22195,1.22215,2.48,2.25
2012.12.27 13:15:54.649,1.22196,1.22215,1.88,2.25
2012.12.27 13:15:55.091,1.22199,1.2222,2.40,1.88
2012.12.27 13:15:55.168,1.22197,1.22215,1.73,2.25
2012.12.27 13:15:55.228,1.22197,1.22215,1.35,2.25
2012.12.27 13:15:55.529,1.22195,1.22215,2.25,2.25
2012.12.27 13:15:55.630,1.22196,1.22215,1.13,2.25
2012.12.27 13:15:55.749,1.22199,1.2222,2.40,1.88
2012.12.27 13:15:56.162,1.22196,1.22216,1.73,2.25
2012.12.27 13:15:56.350,1.22195,1.22216,1.50,2.25
2012.12.27 13:15:56.709,1.222,1.22219,2.25,1.73
2012.12.27 13:15:57.159,1.22195,1.22216,1.73,2.25
2012.12.27 13:15:57.218,1.22195,1.22216,1.65,2.25
2012.12.27 13:15:57.338,1.22195,1.22216,1.13,2.25
2012.12.27 13:15:57.398,1.22194,1.22216,3.00,2.25
2012.12.27 13:15:57.638,1.22197,1.22216,1.13,2.25
2012.12.27 13:15:57.698,1.22199,1.2222,2.40,1.73
2012.12.27 13:15:58.179,1.22196,1.22215,1.35,2.25
2012.12.27 13:15:58.422,1.22195,1.22215,2.25,2.25
2012.12.27 13:15:58.628,1.22198,1.22215,1.13,2.25
2012.12.27 13:15:58.688,1.222,1.22219,2.40,1.73
2012.12.27 13:15:59.269,1.22195,1.22216,1.88,2.25
2012.12.27 13:15:59.332,1.22195,1.22216,1.50,2.25
2012.12.27 13:15:59.618,1.22196,1.22216,1.13,2.25
2012.12.27 13:15:59.742,1.222,1.22219,2.40,1.73
2012.12.27 13:16:00.228,1.22195,1.22216,1.35,2.25
2012.12.27 13:16:00.409,1.22194,1.22216,2.25,2.25
2012.12.27 13:16:00.544,1.22195,1.22216,1.50,2.25
2012.12.27 13:16:00.848,1.22205,1.22223,1.50,2.10
2012.12.27 13:16:46.993,1.22207,1.22229,2.10,3.23
2012.12.27 13:17:10.228,1.22208,1.2223,1.13,1.13
2012.12.27 13:17:29.017,1.22208,1.22231,1.13,2.63
2012.12.27 13:17:49.801,1.22206,1.22232,2.48,1.88
2012.12.27 13:17:51.059,1.22205,1.22223,1.65,1.73
2012.12.27 13:18:18.189,1.22205,1.22223,1.50,1.73
2012.12.27 13:18:18.709,1.22206,1.22223,1.50,1.73
2012.12.27 13:18:19.563,1.22206,1.22223,1.58,1.73
2012.12.27 13:19:09.861,1.22205,1.22223,1.58,1.35
2012.12.27 13:19:10.198,1.22203,1.2222,1.68,1.13
2012.12.27 13:19:18.918,1.222,1.2222,1.73,1.13
2012.12.27 13:19:20.763,1.22199,1.2222,2.40,1.13
2012.12.27 13:19:28.880,1.22198,1.2222,1.35,2.48
2012.12.27 13:19:28.999,1.22192,1.22219,1.69,1.73
2012.12.27 13:19:30.661,1.22192,1.22219,1.69,2.48
2012.12.27 13:20:13.644,1.22192,1.22219,1.58,1.73
2012.12.27 13:20:13.710,1.22192,1.22217,1.58,1.03
2012.12.27 13:20:13.771,1.22192,1.22212,1.58,1.13
2012.12.27 13:20:14.300,1.2219,1.22213,1.58,1.50
2012.12.27 13:20:14.669,1.22187,1.22212,1.32,1.13
2012.12.27 13:20:15.040,1.22187,1.22212,1.32,1.13
2012.12.27 13:20:16.102,1.22182,1.22212,1.39,2.63
2012.12.27 13:20:16.380,1.22187,1.22212,1.32,1.88
2012.12.27 13:20:16.904,1.22189,1.22212,1.84,1.13
2012.12.27 13:20:20.909,1.22187,1.22212,1.17,1.13
2012.12.27 13:20:21.030,1.22181,1.22212,1.39,1.13
2012.12.27 13:21:21.038,1.22178,1.22212,2.40,2.63
2012.12.27 13:21:21.409,1.22173,1.22208,2.25,1.73
2012.12.27 13:21:21.768,1.22168,1.22208,1.69,1.73
2012.12.27 13:21:21.828,1.22166,1.22208,1.73,1.73
2012.12.27 13:21:21.948,1.22166,1.22207,1.73,1.88
2012.12.27 13:21:22.550,1.22163,1.22205,1.50,1.50
2012.12.27 13:21:40.229,1.22167,1.22208,1.20,3.08
2012.12.27 13:21:40.593,1.22173,1.22208,1.02,1.73
2012.12.27 13:22:10.269,1.22171,1.22208,1.13,1.73
2012.12.27 13:22:10.453,1.22171,1.22208,1.13,1.73
2012.12.27 13:22:10.852,1.22161,1.22205,1.95,1.50
2012.12.27 13:22:11.408,1.22161,1.22205,2.70,1.50
2012.12.27 13:22:28.053,1.22161,1.22203,1.95,1.50
2012.12.27 13:22:46.809,1.22164,1.22206,1.58,1.50
2012.12.27 13:23:01.589,1.22161,1.22203,1.58,1.50
2012.12.27 13:23:07.209,1.22162,1.22203,1.80,1.50
2012.12.27 13:23:50.423,1.22165,1.22206,2.40,1.50
2012.12.27 13:24:10.900,1.22175,1.22209,1.50,1.73
2012.12.27 13:24:11.475,1.2218,1.22212,1.32,1.13
2012.12.27 13:24:14.404,1.2218,1.22212,2.14,1.13
2012.12.27 13:24:28.640,1.2218,1.22212,2.14,1.88
2012.12.27 13:24:28.819,1.22172,1.22208,1.31,1.73
2012.12.27 13:24:29.559,1.22176,1.22211,1.02,1.73
2012.12.27 13:24:30.312,1.22175,1.22211,1.02,1.73
2012.12.27 13:24:30.701,1.22172,1.2221,1.20,2.55
2012.12.27 13:24:30.883,1.22167,1.22207,1.05,1.50
2012.12.27 13:24:31.219,1.22165,1.22207,2.33,1.50
2012.12.27 13:24:31.322,1.22165,1.22207,2.33,1.50
2012.12.27 13:24:38.949,1.22168,1.2221,1.84,1.73
2012.12.27 13:24:53.539,1.22176,1.22211,1.02,1.73
2012.12.27 13:25:01.587,1.22175,1.22211,1.02,1.73
2012.12.27 13:25:02.490,1.22169,1.22207,1.02,1.73
2012.12.27 13:25:02.549,1.22168,1.22207,1.50,1.73
2012.12.27 13:25:02.678,1.22162,1.22205,2.48,1.50
2012.12.27 13:25:09.528,1.22163,1.22206,1.58,2.25
2012.12.27 13:25:13.581,1.22168,1.22203,1.13,1.50
2012.12.27 13:25:13.821,1.22187,1.2221,1.92,1.73
2012.12.27 13:25:14.331,1.22187,1.22211,1.92,2.63
2012.12.27 13:25:16.518,1.22187,1.22211,1.99,2.63
2012.12.27 13:25:29.853,1.2219,1.22219,1.02,2.94
2012.12.27 13:25:30.168,1.22191,1.22216,1.02,1.73
2012.12.27 13:25:30.290,1.22191,1.22216,1.02,1.50
2012.12.27 13:25:30.815,1.22193,1.2222,1.02,2.48
2012.12.27 13:26:06.994,1.22191,1.22219,1.95,1.28
2012.12.27 13:26:14.025,1.22192,1.2222,1.20,1.73
2012.12.27 13:26:42.255,1.22192,1.22222,1.20,1.88
2012.12.27 13:26:43.344,1.22192,1.22222,1.20,1.88
2012.12.27 13:26:51.891,1.22192,1.22222,1.20,1.88
2012.12.27 13:26:52.138,1.22192,1.22222,1.20,1.88
2012.12.27 13:26:57.113,1.22192,1.22222,1.20,1.88
2012.12.27 13:26:59.005,1.22192,1.22222,1.20,1.88
2012.12.27 13:27:08.811,1.22192,1.22222,2.06,1.88
2012.12.27 13:27:28.888,1.22193,1.22222,1.04,1.73
2012.12.27 13:27:29.799,1.22193,1.22222,1.11,1.73
2012.12.27 13:27:30.681,1.22193,1.22222,1.19,1.73
2012.12.27 13:27:37.939,1.22195,1.2222,1.20,1.13
2012.12.27 13:27:38.119,1.22197,1.22223,2.10,4.13
2012.12.27 13:27:38.238,1.222,1.22228,1.73,1.13
2012.12.27 13:27:38.529,1.22201,1.2223,1.92,1.73
2012.12.27 13:27:38.927,1.22201,1.2223,1.77,1.73
2012.12.27 13:27:40.212,1.22202,1.22231,1.80,1.73
2012.12.27 13:27:40.771,1.22202,1.22231,1.86,1.73
2012.12.27 13:27:41.120,1.22202,1.22232,1.93,3.00
2012.12.27 13:27:48.799,1.22202,1.22231,1.86,1.73
2012.12.27 13:27:48.859,1.22202,1.22231,1.78,1.73
2012.12.27 13:27:49.799,1.22202,1.22232,1.86,3.00
2012.12.27 13:27:59.166,1.22201,1.22231,2.59,1.73
2012.12.27 13:27:59.234,1.22201,1.22231,2.52,1.73
2012.12.27 13:27:59.869,1.22202,1.22231,1.58,1.73
2012.12.27 13:28:00.848,1.22202,1.22231,1.58,1.73
2012.12.27 13:28:09.039,1.22201,1.22231,1.69,2.48
2012.12.27 13:29:20.439,1.22202,1.22237,1.50,2.25
2012.12.27 13:29:20.559,1.22204,1.22242,1.50,2.40
2012.12.27 13:29:20.679,1.22204,1.22242,1.50,2.40
2012.12.27 13:29:22.979,1.22207,1.22245,1.50,2.70
2012.12.27 13:29:23.510,1.22207,1.22247,1.50,1.80
2012.12.27 13:29:26.556,1.22207,1.22249,1.50,2.48
2012.12.27 13:29:27.801,1.22207,1.22239,1.50,1.13
2012.12.27 13:29:28.314,1.22203,1.2223,1.50,2.25
2012.12.27 13:29:28.589,1.22201,1.22229,1.50,1.50
2012.12.27 13:29:28.845,1.22202,1.22229,1.02,1.50
2012.12.27 13:29:43.303,1.22202,1.22229,1.77,1.50
2012.12.27 13:29:47.589,1.22202,1.22229,1.69,1.50
2012.12.27 13:29:47.770,1.22197,1.22233,1.69,1.28
2012.12.27 13:29:49.130,1.22187,1.22233,1.84,2.03
2012.12.27 13:29:51.050,1.22187,1.22233,1.09,1.28
2012.12.27 13:30:06.481,1.22187,1.22234,1.09,2.40
2012.12.27 13:30:17.038,1.22188,1.22233,1.09,4.43
2012.12.27 13:30:36.599,1.2219,1.22232,1.13,1.88
2012.12.27 13:30:45.969,1.22198,1.22232,1.50,2.48
2012.12.27 13:30:46.499,1.22201,1.22229,1.69,1.73
2012.12.27 13:30:52.245,1.22201,1.2222,1.13,2.25
2012.12.27 13:30:54.003,1.222,1.2222,2.25,2.48
2012.12.27 13:30:59.659,1.22196,1.22222,2.67,1.73
2012.12.27 13:31:00.162,1.22196,1.22222,1.69,1.73
2012.12.27 13:31:00.229,1.22176,1.2222,1.50,1.73
2012.12.27 13:31:06.952,1.22173,1.22217,1.50,1.50
2012.12.27 13:31:07.636,1.22172,1.22215,2.78,1.50
2012.12.27 13:31:07.984,1.22171,1.22215,1.50,1.50
2012.12.27 13:32:03.558,1.22171,1.22215,1.50,1.50
2012.12.27 13:32:15.639,1.22179,1.22215,3.00,1.50
2012.12.27 13:32:15.699,1.22188,1.22217,1.73,1.73
2012.12.27 13:32:15.759,1.22191,1.22218,2.25,1.73
2012.12.27 13:32:16.379,1.22192,1.22218,1.13,1.73
2012.12.27 13:33:05.059,1.22185,1.22217,1.50,1.17
2012.12.27 13:33:05.239,1.22187,1.22217,1.13,1.17
2012.12.27 13:33:05.552,1.22192,1.22217,1.13,1.17
2012.12.27 13:33:52.729,1.22186,1.22219,1.50,1.73
2012.12.27 13:33:52.790,1.22186,1.22217,1.50,1.17
2012.12.27 13:33:52.910,1.22181,1.22217,1.13,1.17
2012.12.27 13:33:53.039,1.22181,1.22217,1.50,1.17
2012.12.27 13:33:53.360,1.2218,1.22217,1.88,1.17
2012.12.27 13:33:54.493,1.2218,1.22217,1.88,1.17
2012.12.27 13:33:57.150,1.2218,1.22217,2.63,1.17
2012.12.27 13:34:33.922,1.22181,1.22221,2.25,2.48
2012.12.27 13:35:12.301,1.2219,1.22217,2.25,1.17
2012.12.27 13:35:12.924,1.22189,1.22218,1.13,1.17
2012.12.27 13:35:13.380,1.2219,1.22218,2.25,1.17
2012.12.27 13:35:13.960,1.22188,1.22217,1.73,1.17
2012.12.27 13:35:14.021,1.22187,1.22217,1.35,1.17
2012.12.27 13:35:14.081,1.22186,1.22217,1.73,1.17
2012.12.27 13:35:14.540,1.22191,1.22218,2.25,1.92
2012.12.27 13:35:14.950,1.22184,1.22217,2.70,1.17
2012.12.27 13:35:15.550,1.2219,1.22218,2.25,1.17
2012.12.27 13:35:15.672,1.22191,1.22218,1.13,1.17
2012.12.27 13:35:15.965,1.22188,1.22218,1.13,1.17
2012.12.27 13:35:16.090,1.22183,1.22218,1.58,1.17
2012.12.27 13:35:20.891,1.2219,1.22218,2.25,1.17
2012.12.27 13:35:21.465,1.22191,1.22217,1.13,1.17
2012.12.27 13:35:22.445,1.22191,1.22217,1.20,1.17
2012.12.27 13:35:25.463,1.22188,1.22215,1.58,1.13
2012.12.27 13:35:25.849,1.22184,1.22217,4.34,1.17
2012.12.27 13:35:27.008,1.22181,1.22217,1.20,1.17
2012.12.27 13:35:27.072,1.22181,1.22217,2.70,1.17
2012.12.27 13:35:29.000,1.22183,1.22217,1.72,1.17
2012.12.27 13:35:43.490,1.22191,1.22218,1.20,1.17
2012.12.27 13:35:58.989,1.22191,1.22218,1.74,1.17
2012.12.27 13:36:20.000,1.22192,1.22218,1.32,1.17
2012.12.27 13:36:20.805,1.22193,1.22218,1.02,1.17
2012.12.27 13:36:28.979,1.22192,1.22218,1.07,1.17
2012.12.27 13:36:29.958,1.22192,1.2222,1.14,2.25
2012.12.27 13:36:30.836,1.22192,1.22222,1.22,1.50
2012.12.27 13:36:31.745,1.22191,1.22223,1.59,1.88
2012.12.27 13:36:38.990,1.22191,1.2222,1.52,2.25
2012.12.27 13:36:39.049,1.22191,1.2222,1.44,2.48
2012.12.27 13:36:39.905,1.22191,1.2222,1.52,1.50
2012.12.27 13:36:48.910,1.22188,1.22223,1.67,1.65
2012.12.27 13:36:48.969,1.22188,1.22223,1.59,1.88
2012.12.27 13:36:49.382,1.22187,1.22222,1.13,1.13
2012.12.27 13:36:49.499,1.22188,1.22222,1.46,1.13
2012.12.27 13:36:51.040,1.22187,1.22222,1.13,1.13
2012.12.27 13:37:17.770,1.22187,1.22219,1.13,1.73
2012.12.27 13:38:06.030,1.22187,1.22219,1.88,1.73
2012.12.27 13:38:14.261,1.22188,1.22222,1.50,1.73
2012.12.27 13:38:59.161,1.22187,1.22222,1.95,1.73
2012.12.27 13:39:14.699,1.22187,1.22218,1.92,1.73
2012.12.27 13:39:15.258,1.22184,1.22218,1.43,1.17
2012.12.27 13:39:26.141,1.22186,1.22218,1.69,1.17
2012.12.27 13:39:26.852,1.22199,1.22223,2.25,1.69
2012.12.27 13:39:26.930,1.22201,1.22235,2.37,2.37
2012.12.27 13:39:27.354,1.22201,1.2223,2.37,1.58
2012.12.27 13:39:27.425,1.22201,1.22231,2.37,1.35
2012.12.27 13:39:27.493,1.22201,1.22235,2.37,1.43
2012.12.27 13:39:27.562,1.22201,1.22237,2.37,1.62
2012.12.27 13:39:27.950,1.22201,1.22235,2.44,2.40
2012.12.27 13:39:28.070,1.22201,1.2223,2.44,1.58
2012.12.27 13:39:28.370,1.22201,1.22224,1.20,1.54
2012.12.27 13:39:28.922,1.22197,1.2222,2.18,1.17
2012.12.27 13:39:29.220,1.22201,1.22243,1.95,3.15
2012.12.27 13:39:29.280,1.22201,1.22235,1.95,1.32
2012.12.27 13:39:29.583,1.22201,1.22229,1.20,1.32
2012.12.27 13:39:29.820,1.22201,1.22232,1.20,1.54
2012.12.27 13:39:29.952,1.22201,1.22233,1.20,1.13
2012.12.27 13:39:30.011,1.22202,1.22233,1.20,1.32
2012.12.27 13:39:30.370,1.22202,1.2223,1.20,1.54
2012.12.27 13:39:30.497,1.22202,1.2223,1.20,1.54
2012.12.27 13:39:40.570,1.22199,1.22223,1.20,1.32
2012.12.27 13:39:41.024,1.22198,1.22215,1.20,2.48
2012.12.27 13:40:49.101,1.22196,1.22214,1.50,1.73
2012.12.27 13:40:59.016,1.22196,1.22214,1.58,1.73
2012.12.27 13:41:01.157,1.22196,1.22214,1.50,1.73
2012.12.27 13:41:04.621,1.22192,1.22212,2.48,1.73
2012.12.27 13:41:04.963,1.22192,1.22212,2.25,1.73
2012.12.27 13:41:05.149,1.22187,1.2221,1.50,1.73
2012.12.27 13:41:06.133,1.22182,1.2221,1.88,1.73
2012.12.27 13:41:11.070,1.22182,1.2221,1.13,1.73
2012.12.27 13:42:00.350,1.22181,1.2221,2.25,1.73
2012.12.27 13:42:03.131,1.22181,1.22205,2.25,1.50
2012.12.27 13:42:03.490,1.22179,1.22205,2.25,2.48
2012.12.27 13:42:59.470,1.22179,1.22204,2.40,1.73
2012.12.27 13:43:34.218,1.22179,1.22205,1.65,2.48
2012.12.27 13:43:52.337,1.22179,1.22205,1.65,2.48
2012.12.27 13:43:54.489,1.22179,1.22205,1.65,2.48
2012.12.27 13:44:13.760,1.22178,1.22202,1.13,2.48
2012.12.27 13:44:13.940,1.22173,1.22199,1.80,1.73
2012.12.27 13:44:14.060,1.22171,1.22198,2.70,1.54
2012.12.27 13:44:14.651,1.22171,1.22198,2.40,1.54
2012.12.27 13:44:14.870,1.22171,1.22199,1.50,2.29
2012.12.27 13:44:49.071,1.22171,1.22199,2.33,2.29
2012.12.27 13:44:50.851,1.22171,1.22199,2.33,2.29
2012.12.27 13:45:28.989,1.22171,1.22199,1.65,1.73
2012.12.27 13:45:30.194,1.22174,1.22201,1.32,1.73
2012.12.27 13:45:59.140,1.22171,1.22201,1.50,1.73
2012.12.27 13:46:00.077,1.22173,1.22201,1.65,1.73
2012.12.27 13:46:18.132,1.22179,1.22202,1.09,1.88
2012.12.27 13:46:18.848,1.22179,1.22204,1.47,2.67
2012.12.27 13:46:20.390,1.22178,1.22202,2.40,1.13
2012.12.27 13:47:54.051,1.22177,1.22202,1.35,1.88
2012.12.27 13:48:25.140,1.22177,1.22202,1.73,1.13
2012.12.27 13:48:25.321,1.22171,1.22199,1.58,2.29
2012.12.27 13:48:26.282,1.22171,1.22199,1.88,1.92
2012.12.27 13:48:27.353,1.22171,1.22198,1.88,1.17
2012.12.27 13:48:49.200,1.22171,1.22199,1.95,1.92
2012.12.27 13:49:42.723,1.22171,1.22191,1.69,2.25
2012.12.27 13:49:43.246,1.2217,1.22191,1.69,2.48
2012.12.27 13:50:00.183,1.22173,1.22191,1.19,2.48
2012.12.27 13:50:14.761,1.22169,1.22191,3.15,2.48
2012.12.27 13:50:42.252,1.2217,1.22191,1.65,2.48
2012.12.27 13:50:42.798,1.22168,1.22191,1.13,1.73
2012.12.27 13:50:49.611,1.22165,1.22191,2.63,1.73
2012.12.27 13:50:49.731,1.22166,1.22188,1.88,1.73
2012.12.27 13:50:55.731,1.22174,1.22184,2.25,1.50
2012.12.27 13:50:55.790,1.22175,1.22191,2.25,1.13
2012.12.27 13:50:55.851,1.22175,1.22192,2.25,1.13
2012.12.27 13:50:55.974,1.22175,1.22195,2.25,3.23
2012.12.27 13:50:57.412,1.22175,1.22195,1.50,3.23
2012.12.27 13:50:57.471,1.22172,1.2219,2.48,2.25
2012.12.27 13:50:57.823,1.22171,1.2219,1.50,2.48
2012.12.27 13:50:58.010,1.2217,1.2219,6.00,2.48
2012.12.27 13:51:25.961,1.22174,1.22194,2.25,1.73
2012.12.27 13:51:26.021,1.22174,1.22196,2.25,3.75
2012.12.27 13:51:31.811,1.22179,1.222,2.25,1.73
2012.12.27 13:51:32.153,1.22177,1.22195,1.50,1.73
2012.12.27 13:51:39.911,1.22176,1.22195,2.25,2.48
2012.12.27 13:51:40.231,1.22171,1.22195,1.58,2.48
2012.12.27 13:51:40.351,1.22174,1.22196,2.33,2.25
2012.12.27 13:52:00.882,1.22179,1.22199,2.25,1.92
2012.12.27 13:52:01.977,1.22179,1.22201,2.25,3.23
2012.12.27 13:53:01.353,1.22176,1.22201,1.73,1.13
2012.12.27 13:53:32.232,1.22175,1.22195,3.23,2.25
2012.12.27 13:53:32.292,1.22175,1.22195,2.25,2.25
2012.12.27 13:53:44.162,1.22176,1.22195,1.50,2.25
2012.12.27 13:53:44.222,1.22186,1.22199,1.50,1.17
2012.12.27 13:53:44.353,1.22186,1.22203,1.50,1.88
2012.12.27 13:53:44.471,1.22181,1.22203,1.50,2.63
2012.12.27 13:53:44.591,1.22177,1.22201,2.48,2.48
2012.12.27 13:53:44.712,1.22175,1.22196,2.63,2.25
2012.12.27 13:53:47.188,1.22174,1.22196,3.00,2.25
2012.12.27 13:54:05.972,1.2218,1.22199,2.25,1.73
2012.12.27 13:54:33.692,1.22181,1.222,1.13,2.63
2012.12.27 13:55:12.417,1.22178,1.22202,1.73,1.13
2012.12.27 13:55:58.911,1.22181,1.22202,2.25,1.13
2012.12.27 13:55:59.251,1.22186,1.22203,1.50,1.73
2012.12.27 13:56:00.899,1.22186,1.22203,1.73,1.50
2012.12.27 13:56:01.021,1.22186,1.22211,3.23,1.88
2012.12.27 13:57:49.301,1.22188,1.22211,1.80,1.13
2012.12.27 13:58:19.262,1.22194,1.22212,2.45,1.65
2012.12.27 13:58:20.083,1.22194,1.22213,2.45,1.13
2012.12.27 13:58:31.362,1.22194,1.2221,2.45,1.13
2012.12.27 13:58:31.482,1.22185,1.22205,2.40,2.48
2012.12.27 13:58:31.602,1.22187,1.22205,1.13,2.48
2012.12.27 13:58:31.722,1.22187,1.22208,1.35,1.73
2012.12.27 13:58:32.002,1.22188,1.22211,1.73,1.13
2012.12.27 13:58:33.492,1.22187,1.2221,1.35,1.13
2012.12.27 13:58:46.717,1.22187,1.22211,1.13,1.88
2012.12.27 13:59:19.650,1.22187,1.2221,1.35,1.13
2012.12.27 13:59:43.647,1.22186,1.22212,1.73,1.73
2012.12.27 13:59:43.804,1.22186,1.22205,1.73,2.25
2012.12.27 13:59:44.734,1.22186,1.22205,1.50,2.25
