2017.08.16 19:00:02.342,1.36259,1.36278,1.37,1.00
2017.08.16 19:00:02.393,1.36258,1.36278,1.12,1.00
2017.08.16 19:00:02.547,1.36256,1.36278,2.62,1.19
2017.08.16 19:00:02.980,1.36254,1.36277,1.69,1.31
2017.08.16 19:00:03.521,1.36254,1.36277,1.00,1.25
2017.08.16 19:00:03.793,1.36254,1.36275,1.69,1.00
2017.08.16 19:00:04.721,1.36252,1.36273,1.19,1.00
2017.08.16 19:00:05.334,1.36252,1.36273,1.25,1.25
2017.08.16 19:00:08.617,1.36251,1.36271,1.25,1.00
2017.08.16 19:00:08.972,1.36248,1.3627,1.25,1.00
2017.08.16 19:00:09.713,1.36247,1.3627,1.50,1.00
2017.08.16 19:00:10.271,1.36247,1.3627,1.69,1.31
2017.08.16 19:00:10.786,1.36247,1.3627,1.69,1.31
2017.08.16 19:00:11.371,1.36247,1.36269,1.50,1.00
2017.08.16 19:00:11.799,1.3625,1.36271,1.00,1.00
2017.08.16 19:00:17.005,1.36248,1.3627,1.00,1.00
2017.08.16 19:00:17.411,1.36247,1.36269,1.25,1.19
2017.08.16 19:00:17.742,1.36247,1.3627,1.00,1.69
2017.08.16 19:00:18.250,1.36247,1.3627,1.00,2.06
2017.08.16 19:00:19.010,1.36247,1.36268,1.00,1.00
2017.08.16 19:00:19.596,1.36251,1.36272,1.00,2.06
2017.08.16 19:00:20.821,1.36252,1.36272,1.00,1.00
2017.08.16 19:00:20.925,1.36253,1.36274,1.50,1.00
2017.08.16 19:00:23.425,1.36254,1.36277,2.25,1.50
2017.08.16 19:00:23.476,1.36256,1.36277,1.00,1.00
2017.08.16 19:00:23.527,1.36256,1.36279,1.12,1.31
2017.08.16 19:00:24.107,1.36256,1.36279,2.06,1.25
2017.08.16 19:00:24.624,1.36256,1.36277,1.31,1.00
2017.08.16 19:00:24.778,1.36253,1.36276,1.50,2.06
2017.08.16 19:00:24.979,1.36253,1.36276,1.25,2.81
2017.08.16 19:00:25.704,1.36253,1.36274,1.00,1.19
2017.08.16 19:00:26.354,1.36252,1.36273,1.25,1.25
2017.08.16 19:00:29.797,1.36257,1.3628,2.25,2.25
2017.08.16 19:00:29.848,1.3626,1.36281,1.00,1.00
2017.08.16 19:00:32.387,1.3626,1.36281,1.12,1.31
2017.08.16 19:00:32.438,1.36258,1.3628,1.31,2.06
2017.08.16 19:00:32.591,1.36258,1.3628,1.00,1.31
2017.08.16 19:00:32.845,1.3626,1.36281,1.00,1.00
2017.08.16 19:00:33.013,1.36262,1.36284,2.25,1.00
2017.08.16 19:00:33.114,1.36265,1.36286,1.00,1.00
2017.08.16 19:00:34.562,1.36263,1.36285,3.19,1.31
2017.08.16 19:00:34.614,1.36263,1.36282,1.00,1.00
2017.08.16 19:00:34.715,1.36261,1.36282,2.25,1.50
2017.08.16 19:00:35.596,1.36261,1.36281,1.00,1.25
2017.08.16 19:00:35.748,1.3626,1.36283,3.19,2.44
2017.08.16 19:00:35.916,1.3626,1.36282,3.94,1.19
2017.08.16 19:00:35.981,1.3626,1.36283,3.19,2.44
2017.08.16 19:00:36.089,1.3626,1.36282,3.94,1.19
2017.08.16 19:00:36.462,1.3626,1.36283,3.19,2.44
2017.08.16 19:00:36.569,1.3626,1.36282,3.94,1.19
2017.08.16 19:00:36.685,1.3626,1.36283,3.19,2.44
2017.08.16 19:00:37.081,1.3626,1.36282,3.94,1.19
2017.08.16 19:00:37.585,1.3626,1.36283,3.19,2.44
2017.08.16 19:00:37.697,1.3626,1.36282,3.94,1.19
2017.08.16 19:00:38.032,1.3626,1.36283,3.19,2.44
2017.08.16 19:00:38.167,1.3626,1.36282,3.94,1.19
2017.08.16 19:00:38.278,1.3626,1.36283,3.19,2.44
2017.08.16 19:00:38.329,1.3626,1.3628,1.50,1.00
2017.08.16 19:00:38.850,1.36259,1.3628,1.69,1.19
2017.08.16 19:00:40.381,1.36259,1.3628,1.50,1.25
2017.08.16 19:00:48.021,1.36258,1.36278,1.50,1.00
2017.08.16 19:00:48.122,1.36255,1.36278,1.87,1.00
2017.08.16 19:00:48.173,1.36255,1.36276,1.50,1.00
2017.08.16 19:00:49.094,1.36254,1.36275,1.50,1.00
2017.08.16 19:00:49.601,1.36254,1.36275,1.50,1.19
2017.08.16 19:00:50.160,1.36254,1.36275,1.50,1.00
2017.08.16 19:00:50.691,1.36252,1.36275,1.25,1.00
2017.08.16 19:00:50.894,1.36251,1.36271,1.00,1.00
2017.08.16 19:00:51.456,1.3625,1.36271,1.25,1.19
2017.08.16 19:00:51.561,1.36248,1.36269,1.69,1.00
2017.08.16 19:00:54.461,1.36246,1.36268,1.69,1.00
2017.08.16 19:00:54.613,1.36245,1.36267,1.25,1.00
2017.08.16 19:00:55.016,1.36247,1.36269,1.00,1.69
2017.08.16 19:00:55.067,1.36247,1.3627,1.50,1.25
2017.08.16 19:00:55.219,1.36247,1.3627,1.87,2.06
2017.08.16 19:00:56.700,1.36247,1.36269,1.19,1.31
2017.08.16 19:00:57.373,1.3625,1.36272,1.00,2.81
2017.08.16 19:00:57.475,1.3625,1.36272,1.00,2.25
2017.08.16 19:00:58.078,1.3625,1.36271,1.25,1.00
2017.08.16 19:00:58.567,1.36248,1.36269,2.62,1.00
2017.08.16 19:00:59.398,1.3625,1.36272,1.50,1.25
2017.08.16 19:01:00.836,1.3625,1.36272,1.25,1.31
2017.08.16 19:01:01.366,1.3625,1.36272,1.00,1.00
2017.08.16 19:01:04.120,1.36251,1.36273,1.00,1.25
2017.08.16 19:01:04.683,1.36251,1.36273,1.25,2.06
2017.08.16 19:01:05.353,1.36251,1.36273,1.00,1.25
2017.08.16 19:01:06.673,1.36251,1.36273,1.25,2.06
2017.08.16 19:01:07.226,1.36251,1.36273,1.00,1.25
2017.08.16 19:01:07.738,1.36248,1.36271,1.31,2.06
2017.08.16 19:01:08.672,1.36248,1.36271,1.19,2.06
2017.08.16 19:01:08.723,1.3625,1.36273,1.00,2.06
2017.08.16 19:01:09.240,1.36251,1.36273,1.00,2.06
2017.08.16 19:01:11.451,1.36252,1.36273,1.00,1.50
2017.08.16 19:01:17.365,1.36252,1.36273,1.25,1.31
2017.08.16 19:01:18.023,1.36252,1.36273,1.00,1.00
2017.08.16 19:01:18.555,1.36252,1.36273,1.25,1.31
2017.08.16 19:01:19.144,1.36252,1.36273,1.00,1.25
2017.08.16 19:01:19.775,1.36252,1.36273,1.00,1.19
2017.08.16 19:01:22.175,1.36252,1.36273,1.25,1.25
2017.08.16 19:01:24.624,1.36253,1.36276,1.00,2.25
2017.08.16 19:01:25.254,1.36253,1.36276,1.25,1.25
2017.08.16 19:01:25.806,1.36253,1.36276,1.25,1.69
2017.08.16 19:01:26.320,1.36253,1.36276,1.00,1.25
2017.08.16 19:01:27.021,1.36253,1.36276,1.19,1.69
2017.08.16 19:01:27.573,1.36253,1.36276,1.25,1.69
2017.08.16 19:01:28.176,1.36253,1.36276,1.19,1.69
2017.08.16 19:01:28.680,1.36253,1.36276,1.25,1.69
2017.08.16 19:01:29.235,1.36253,1.36276,1.19,1.69
2017.08.16 19:01:29.786,1.36253,1.36276,1.25,1.69
2017.08.16 19:01:30.338,1.36253,1.36276,1.19,1.69
2017.08.16 19:01:30.891,1.36253,1.36276,1.00,1.25
2017.08.16 19:01:31.552,1.36253,1.36276,1.19,1.25
2017.08.16 19:01:32.160,1.36253,1.36276,1.25,1.25
2017.08.16 19:01:32.595,1.36258,1.36279,1.00,1.31
2017.08.16 19:01:32.697,1.36258,1.3628,1.00,1.25
2017.08.16 19:01:32.850,1.36256,1.36277,1.87,1.00
2017.08.16 19:01:32.901,1.36256,1.36277,1.25,1.00
2017.08.16 19:01:39.247,1.36256,1.36277,1.00,1.19
2017.08.16 19:01:39.807,1.36256,1.36277,1.00,1.25
2017.08.16 19:01:40.170,1.36251,1.36273,4.12,1.00
2017.08.16 19:01:40.425,1.36248,1.36271,2.44,1.69
2017.08.16 19:01:41.552,1.36249,1.36272,1.00,2.44
2017.08.16 19:01:42.064,1.36249,1.36272,1.00,2.44
2017.08.16 19:01:42.613,1.36249,1.36272,1.00,2.44
2017.08.16 19:01:43.169,1.36249,1.36272,1.00,2.44
2017.08.16 19:01:43.279,1.36249,1.36271,1.00,1.19
2017.08.16 19:01:43.829,1.36249,1.36271,1.00,1.25
2017.08.16 19:01:44.381,1.36249,1.36271,1.00,1.19
2017.08.16 19:01:44.496,1.36249,1.36272,1.00,2.44
2017.08.16 19:01:44.826,1.36249,1.36271,1.00,1.19
2017.08.16 19:01:45.379,1.36249,1.36271,1.00,1.25
2017.08.16 19:01:45.934,1.36249,1.36271,1.00,1.19
2017.08.16 19:01:46.265,1.36249,1.36272,1.00,2.44
2017.08.16 19:01:46.376,1.36249,1.36271,1.00,1.19
2017.08.16 19:01:46.929,1.36249,1.36272,1.00,2.44
2017.08.16 19:01:47.257,1.36249,1.36271,1.00,1.19
2017.08.16 19:01:47.590,1.36249,1.36272,1.00,2.44
2017.08.16 19:01:47.725,1.36249,1.36271,1.00,1.19
2017.08.16 19:01:47.812,1.36249,1.36272,1.00,2.44
2017.08.16 19:01:48.368,1.36249,1.36271,1.00,1.19
2017.08.16 19:01:48.523,1.36249,1.36272,1.00,2.44
2017.08.16 19:01:48.808,1.36249,1.36271,1.00,1.19
2017.08.16 19:01:49.138,1.36249,1.36272,1.00,2.44
2017.08.16 19:01:49.292,1.36249,1.36271,1.00,1.19
2017.08.16 19:01:49.343,1.36249,1.36272,1.50,1.50
2017.08.16 19:01:49.394,1.36252,1.36273,1.00,1.00
2017.08.16 19:01:49.954,1.36253,1.36273,1.00,1.00
2017.08.16 19:01:50.480,1.36252,1.36273,1.50,1.00
2017.08.16 19:01:51.488,1.36253,1.36273,1.00,1.00
2017.08.16 19:01:51.540,1.36254,1.36276,1.00,1.00
2017.08.16 19:01:51.693,1.36256,1.36276,1.00,1.00
2017.08.16 19:01:51.795,1.36257,1.36278,1.00,1.00
2017.08.16 19:01:55.353,1.36255,1.36276,1.19,1.00
2017.08.16 19:01:55.404,1.36253,1.36274,1.50,1.00
2017.08.16 19:01:56.564,1.36251,1.36274,1.69,1.69
2017.08.16 19:01:57.284,1.36251,1.36274,1.00,1.00
2017.08.16 19:01:57.945,1.36251,1.36273,1.69,1.00
2017.08.16 19:01:58.455,1.36252,1.36274,1.00,1.25
2017.08.16 19:01:59.035,1.36252,1.36274,1.00,1.19
2017.08.16 19:01:59.628,1.36252,1.36274,1.00,1.25
2017.08.16 19:02:00.138,1.36251,1.36274,2.44,1.25
2017.08.16 19:02:01.019,1.36252,1.36274,1.00,1.19
2017.08.16 19:02:01.574,1.36251,1.36274,2.44,1.25
2017.08.16 19:02:02.569,1.36252,1.36274,1.00,1.19
2017.08.16 19:02:03.454,1.36251,1.36274,2.44,1.25
2017.08.16 19:02:04.056,1.36252,1.36274,1.00,1.19
2017.08.16 19:02:04.563,1.36251,1.36273,1.69,1.00
2017.08.16 19:02:05.115,1.36252,1.36273,1.00,1.25
2017.08.16 19:02:05.375,1.36251,1.36271,1.25,1.00
2017.08.16 19:02:05.884,1.36251,1.3627,1.25,1.25
2017.08.16 19:02:06.272,1.36251,1.36274,1.00,2.06
2017.08.16 19:02:06.823,1.36251,1.36274,1.00,1.69
2017.08.16 19:02:06.884,1.36251,1.36273,1.25,1.19
2017.08.16 19:02:08.666,1.36251,1.36273,1.19,1.19
2017.08.16 19:02:11.407,1.36253,1.36275,1.00,2.81
2017.08.16 19:02:11.661,1.36254,1.36276,1.19,1.19
2017.08.16 19:02:11.712,1.36254,1.36277,1.69,1.69
2017.08.16 19:02:11.813,1.36256,1.36279,1.00,1.50
2017.08.16 19:02:12.191,1.36256,1.36278,1.19,1.25
2017.08.16 19:02:12.241,1.36256,1.36279,1.00,1.69
2017.08.16 19:02:12.751,1.36256,1.36278,1.19,1.25
2017.08.16 19:02:13.290,1.36256,1.36279,1.25,1.69
2017.08.16 19:02:13.850,1.36256,1.36278,1.19,1.25
2017.08.16 19:02:14.406,1.36256,1.36279,1.00,1.69
2017.08.16 19:02:15.070,1.36256,1.36278,1.25,1.25
2017.08.16 19:02:15.623,1.36256,1.36279,1.25,1.69
2017.08.16 19:02:16.287,1.36256,1.36278,1.19,1.25
2017.08.16 19:02:16.839,1.36256,1.36279,1.19,1.25
2017.08.16 19:02:16.941,1.36259,1.3628,1.00,1.00
2017.08.16 19:02:17.922,1.36259,1.36282,1.00,2.06
2017.08.16 19:02:18.510,1.36258,1.36282,2.44,2.06
2017.08.16 19:02:19.080,1.36258,1.36282,2.44,2.06
2017.08.16 19:02:19.659,1.36259,1.36282,1.25,1.31
2017.08.16 19:02:20.623,1.36259,1.36282,1.19,1.56
2017.08.16 19:02:23.287,1.36257,1.36277,1.12,1.00
2017.08.16 19:02:23.591,1.36255,1.36275,1.25,1.00
2017.08.16 19:02:24.146,1.36254,1.36275,1.25,1.25
2017.08.16 19:02:50.100,1.36254,1.36275,1.25,1.19
2017.08.16 19:02:50.683,1.36254,1.36275,1.00,1.00
2017.08.16 19:02:51.990,1.36255,1.36275,1.25,1.00
2017.08.16 19:02:52.164,1.36256,1.36279,1.25,1.25
2017.08.16 19:02:52.720,1.36256,1.36279,2.81,1.25
2017.08.16 19:02:53.273,1.36256,1.36279,1.12,1.00
2017.08.16 19:02:54.008,1.36256,1.36279,2.81,1.25
2017.08.16 19:02:54.563,1.36256,1.36279,2.81,1.25
2017.08.16 19:02:55.113,1.36256,1.36279,2.81,1.25
2017.08.16 19:02:55.380,1.36258,1.36281,3.00,1.00
2017.08.16 19:02:55.735,1.3626,1.36283,1.00,1.19
2017.08.16 19:02:56.242,1.3626,1.36283,1.00,1.25
2017.08.16 19:02:56.773,1.36261,1.36284,1.25,1.31
2017.08.16 19:02:57.436,1.36261,1.36284,1.19,1.31
2017.08.16 19:02:57.589,1.36262,1.36284,1.50,1.00
2017.08.16 19:02:57.893,1.36259,1.36281,1.69,1.00
2017.08.16 19:02:58.431,1.36259,1.36281,1.25,1.19
2017.08.16 19:03:11.650,1.36259,1.3628,1.19,1.25
2017.08.16 19:03:11.700,1.36258,1.36281,2.44,1.19
2017.08.16 19:03:12.425,1.36258,1.36281,1.00,1.25
2017.08.16 19:03:12.978,1.36258,1.36281,2.44,1.19
2017.08.16 19:03:13.753,1.36258,1.36281,1.00,1.25
2017.08.16 19:03:14.308,1.36258,1.36281,2.44,1.19
2017.08.16 19:03:15.636,1.36258,1.36281,1.00,1.25
2017.08.16 19:03:16.187,1.36258,1.36281,2.25,1.19
2017.08.16 19:03:16.743,1.36258,1.36281,1.00,1.25
2017.08.16 19:03:18.026,1.36259,1.36281,1.00,1.25
2017.08.16 19:03:18.581,1.36258,1.36281,1.50,1.00
2017.08.16 19:03:19.089,1.36259,1.36281,1.00,1.25
2017.08.16 19:03:19.687,1.36258,1.36281,2.25,1.00
2017.08.16 19:03:20.461,1.36259,1.36281,1.00,1.25
2017.08.16 19:03:21.012,1.36258,1.36281,2.25,1.00
2017.08.16 19:03:21.522,1.3626,1.36283,1.00,1.87
2017.08.16 19:03:21.573,1.3626,1.36283,1.00,1.00
2017.08.16 19:03:22.763,1.3626,1.36283,1.69,1.31
2017.08.16 19:03:23.313,1.3626,1.36283,1.25,1.25
2017.08.16 19:03:23.842,1.3626,1.36283,1.69,1.31
2017.08.16 19:03:24.532,1.3626,1.36283,1.00,1.25
2017.08.16 19:03:25.087,1.3626,1.36283,1.69,1.31
2017.08.16 19:03:25.639,1.3626,1.36283,1.00,1.25
2017.08.16 19:03:26.500,1.3626,1.36283,2.44,1.31
2017.08.16 19:03:27.249,1.3626,1.36283,1.50,1.25
2017.08.16 19:03:28.010,1.3626,1.36283,2.44,1.31
2017.08.16 19:03:28.896,1.3626,1.36283,1.50,1.25
2017.08.16 19:03:29.558,1.3626,1.36283,2.44,1.31
2017.08.16 19:03:30.331,1.3626,1.36283,1.50,1.25
2017.08.16 19:03:31.044,1.36262,1.36285,1.50,1.87
2017.08.16 19:03:31.147,1.36262,1.36285,1.50,1.25
2017.08.16 19:03:31.651,1.36262,1.36285,2.44,1.31
2017.08.16 19:03:32.190,1.36262,1.36285,1.50,1.00
2017.08.16 19:03:33.523,1.36262,1.36285,2.44,1.31
2017.08.16 19:03:34.073,1.36262,1.36285,1.50,1.25
2017.08.16 19:03:34.627,1.36262,1.36284,1.00,1.00
2017.08.16 19:03:41.029,1.36262,1.36284,1.69,1.25
2017.08.16 19:03:41.583,1.36262,1.36284,1.69,1.25
2017.08.16 19:03:42.136,1.36262,1.36285,2.62,1.25
2017.08.16 19:03:42.692,1.36262,1.36285,3.37,1.31
2017.08.16 19:03:43.243,1.36262,1.36285,2.62,1.25
2017.08.16 19:03:44.025,1.36262,1.36285,3.37,1.31
2017.08.16 19:03:44.571,1.36262,1.36285,2.62,1.25
2017.08.16 19:03:45.488,1.36262,1.36285,3.37,1.31
2017.08.16 19:03:46.034,1.36262,1.36285,2.44,1.25
2017.08.16 19:03:46.780,1.36262,1.36285,3.37,1.31
2017.08.16 19:03:47.337,1.36262,1.36285,3.37,1.31
2017.08.16 19:03:47.840,1.36262,1.36285,2.44,1.25
2017.08.16 19:03:48.371,1.36262,1.36285,2.44,1.31
2017.08.16 19:03:48.884,1.36262,1.36285,2.44,1.31
2017.08.16 19:03:57.840,1.36262,1.36284,1.69,1.31
2017.08.16 19:03:58.395,1.36262,1.36284,1.00,1.00
2017.08.16 19:04:05.358,1.36262,1.36284,2.62,1.25
2017.08.16 19:04:05.916,1.36262,1.36284,2.62,1.25
2017.08.16 19:04:07.571,1.36262,1.36284,2.62,1.25
2017.08.16 19:04:08.126,1.36262,1.36284,2.62,1.25
2017.08.16 19:04:13.939,1.36266,1.36285,1.00,1.00
2017.08.16 19:04:14.294,1.36267,1.36288,1.00,1.69
2017.08.16 19:04:14.345,1.36269,1.3629,1.50,1.50
2017.08.16 19:04:14.498,1.36269,1.36292,1.50,1.31
2017.08.16 19:04:14.549,1.36272,1.36294,1.00,2.25
2017.08.16 19:04:15.056,1.36272,1.36294,1.00,1.56
2017.08.16 19:04:15.361,1.3627,1.36291,1.19,1.00
2017.08.16 19:04:15.924,1.3627,1.36291,1.25,1.00
2017.08.16 19:04:17.634,1.3627,1.36291,1.69,1.25
2017.08.16 19:04:17.685,1.36271,1.36294,1.00,1.50
2017.08.16 19:04:18.244,1.36271,1.36294,1.25,1.56
2017.08.16 19:04:18.798,1.36271,1.36294,1.19,1.56
2017.08.16 19:04:19.369,1.36271,1.36294,1.00,1.25
2017.08.16 19:04:19.420,1.36274,1.36294,1.00,1.31
2017.08.16 19:04:19.932,1.36273,1.36294,1.00,1.12
2017.08.16 19:04:26.834,1.36273,1.36295,3.00,1.31
2017.08.16 19:04:28.688,1.36274,1.36295,1.00,1.56
2017.08.16 19:04:29.026,1.36281,1.36302,1.00,2.00
2017.08.16 19:04:29.280,1.36282,1.36303,1.00,1.31
2017.08.16 19:04:30.166,1.36281,1.36303,2.62,1.00
2017.08.16 19:04:30.322,1.36283,1.36303,1.00,1.00
2017.08.16 19:04:30.424,1.36281,1.36303,1.50,2.06
2017.08.16 19:04:30.729,1.36281,1.36303,1.00,1.31
2017.08.16 19:04:34.520,1.3628,1.36302,1.00,1.19
2017.08.16 19:04:36.867,1.3628,1.363,1.00,1.25
2017.08.16 19:04:37.484,1.36279,1.363,1.50,1.00
2017.08.16 19:04:38.600,1.36279,1.363,1.69,1.19
2017.08.16 19:04:39.495,1.36279,1.363,1.00,1.25
2017.08.16 19:04:40.271,1.36279,1.363,1.50,1.31
2017.08.16 19:04:41.497,1.36279,1.363,1.00,1.19
2017.08.16 19:04:42.395,1.36279,1.363,1.50,1.31
2017.08.16 19:04:42.446,1.36279,1.363,1.00,1.00
2017.08.16 19:04:42.921,1.36278,1.36298,1.00,1.00
2017.08.16 19:04:44.640,1.36279,1.36298,1.00,1.00
2017.08.16 19:04:44.691,1.36277,1.363,2.25,1.00
2017.08.16 19:04:45.262,1.36278,1.363,1.25,1.31
2017.08.16 19:04:45.819,1.36277,1.363,2.25,1.00
2017.08.16 19:04:46.361,1.36278,1.363,1.00,1.31
2017.08.16 19:04:46.659,1.36278,1.363,1.25,1.31
2017.08.16 19:04:47.206,1.36277,1.363,2.44,1.19
2017.08.16 19:04:48.058,1.36278,1.363,1.25,1.31
2017.08.16 19:04:49.398,1.36277,1.363,3.19,1.19
2017.08.16 19:04:50.084,1.36278,1.363,1.25,1.31
2017.08.16 19:04:50.211,1.36277,1.363,3.19,1.25
2017.08.16 19:04:50.762,1.36278,1.363,1.00,1.31
2017.08.16 19:04:51.648,1.36277,1.363,3.00,1.31
2017.08.16 19:04:52.313,1.36278,1.363,1.00,1.56
2017.08.16 19:04:53.005,1.36277,1.363,2.25,1.31
2017.08.16 19:04:53.525,1.36278,1.363,1.25,1.56
2017.08.16 19:04:54.082,1.36277,1.363,2.25,1.31
2017.08.16 19:04:54.623,1.36277,1.363,1.50,1.19
2017.08.16 19:04:56.141,1.36278,1.36297,1.00,1.00
2017.08.16 19:04:56.192,1.36276,1.36297,1.50,2.06
2017.08.16 19:04:56.295,1.36274,1.36295,2.44,2.06
2017.08.16 19:04:56.706,1.36273,1.36295,1.00,2.06
2017.08.16 19:04:57.072,1.36271,1.36292,2.25,1.25
2017.08.16 19:04:57.294,1.36272,1.36292,1.00,1.56
2017.08.16 19:04:57.845,1.36271,1.36292,1.00,1.31
2017.08.16 19:04:59.021,1.36272,1.36292,1.00,1.31
2017.08.16 19:04:59.618,1.36272,1.36292,1.50,1.31
2017.08.16 19:05:01.901,1.3627,1.36292,1.00,1.00
2017.08.16 19:05:01.953,1.3627,1.3629,1.00,1.00
2017.08.16 19:05:03.587,1.3627,1.3629,1.00,1.31
2017.08.16 19:05:04.422,1.36269,1.3629,1.50,1.25
2017.08.16 19:05:04.970,1.3627,1.3629,1.00,1.31
2017.08.16 19:05:05.502,1.36268,1.36289,1.69,1.31
2017.08.16 19:05:07.553,1.36268,1.36288,1.00,1.31
2017.08.16 19:05:08.868,1.36267,1.36288,2.25,1.25
2017.08.16 19:05:13.965,1.36268,1.36288,1.00,1.00
2017.08.16 19:05:14.016,1.36269,1.3629,1.50,1.00
2017.08.16 19:05:14.068,1.3627,1.36293,2.25,1.00
2017.08.16 19:05:14.599,1.36271,1.36293,1.69,1.00
2017.08.16 19:05:15.201,1.36272,1.36293,1.00,1.00
2017.08.16 19:05:15.704,1.36271,1.36293,1.00,1.00
2017.08.16 19:05:16.021,1.36273,1.36293,1.00,1.00
2017.08.16 19:05:26.320,1.36274,1.36295,1.00,1.81
2017.08.16 19:05:26.671,1.36276,1.36295,1.00,1.00
2017.08.16 19:05:26.926,1.36274,1.36295,1.50,1.00
2017.08.16 19:05:34.640,1.36274,1.36296,1.00,1.12
2017.08.16 19:05:37.884,1.36275,1.36296,1.00,1.56
2017.08.16 19:05:38.557,1.36275,1.36296,1.00,1.31
2017.08.16 19:05:39.151,1.36275,1.36296,1.00,1.56
2017.08.16 19:05:39.884,1.36275,1.36296,1.00,1.31
2017.08.16 19:05:40.440,1.36275,1.36296,1.00,1.56
2017.08.16 19:05:41.372,1.36275,1.36296,1.00,1.31
2017.08.16 19:05:41.880,1.36275,1.36296,1.00,1.56
2017.08.16 19:05:46.446,1.36273,1.36294,1.00,1.00
2017.08.16 19:05:46.994,1.36272,1.36293,1.00,1.56
2017.08.16 19:05:47.336,1.3627,1.36289,1.00,1.25
2017.08.16 19:05:47.951,1.36271,1.36289,1.00,1.00
2017.08.16 19:05:48.225,1.3627,1.36291,2.25,1.00
2017.08.16 19:05:48.772,1.36271,1.36291,1.00,1.00
2017.08.16 19:05:49.731,1.36271,1.36293,1.00,1.10
2017.08.16 19:05:56.850,1.3627,1.36293,3.56,1.31
2017.08.16 19:05:57.052,1.36273,1.36294,1.50,1.00
2017.08.16 19:05:59.091,1.36273,1.36292,1.50,1.00
2017.08.16 19:06:06.152,1.36274,1.36292,1.00,1.00
2017.08.16 19:06:12.044,1.36274,1.36294,1.00,1.12
2017.08.16 19:06:19.741,1.36274,1.36292,1.50,1.00
2017.08.16 19:06:20.242,1.36275,1.36292,1.00,1.00
2017.08.16 19:06:20.797,1.36274,1.36292,1.00,1.00
2017.08.16 19:06:21.305,1.36274,1.36296,1.00,2.54
2017.08.16 19:06:21.356,1.36273,1.36292,1.50,1.00
2017.08.16 19:06:21.904,1.36274,1.36292,1.00,1.00
2017.08.16 19:06:22.568,1.36275,1.36292,1.00,1.00
2017.08.16 19:06:22.720,1.36274,1.36295,1.50,1.00
2017.08.16 19:06:23.288,1.36275,1.36294,1.00,1.00
2017.08.16 19:06:23.843,1.36274,1.36295,1.50,1.50
2017.08.16 19:06:24.508,1.36275,1.36294,1.00,1.00
2017.08.16 19:06:25.058,1.36274,1.36295,1.50,1.50
2017.08.16 19:06:25.887,1.36275,1.36295,1.00,2.06
2017.08.16 19:06:27.101,1.36275,1.36294,1.00,1.00
2017.08.16 19:06:27.657,1.36274,1.36294,1.50,1.00
2017.08.16 19:06:28.485,1.36275,1.36294,1.00,1.00
2017.08.16 19:06:29.190,1.36274,1.36293,1.00,1.12
2017.08.16 19:06:29.805,1.36273,1.36293,1.00,1.00
2017.08.16 19:06:30.469,1.36274,1.36293,1.00,1.00
2017.08.16 19:06:31.686,1.36273,1.36293,1.00,1.00
2017.08.16 19:06:32.240,1.36274,1.36293,1.00,1.00
2017.08.16 19:06:32.789,1.36273,1.36293,1.00,1.00
2017.08.16 19:06:33.342,1.36274,1.36293,1.00,1.00
2017.08.16 19:06:33.897,1.36273,1.36293,1.00,1.00
2017.08.16 19:06:34.448,1.36274,1.36293,1.00,1.00
2017.08.16 19:06:35.111,1.36273,1.36293,1.00,1.00
2017.08.16 19:06:35.887,1.36274,1.36293,1.00,1.00
2017.08.16 19:06:36.442,1.36273,1.36293,1.00,1.00
2017.08.16 19:06:36.995,1.36274,1.36293,1.00,1.00
2017.08.16 19:06:37.546,1.36273,1.36293,1.00,1.00
2017.08.16 19:06:38.320,1.36274,1.36293,1.00,1.00
2017.08.16 19:06:38.871,1.36273,1.36293,1.00,1.00
2017.08.16 19:06:39.570,1.36274,1.36293,1.00,1.00
2017.08.16 19:06:40.091,1.36273,1.36293,1.00,1.00
2017.08.16 19:06:40.642,1.36274,1.36293,1.00,1.00
2017.08.16 19:06:41.198,1.36273,1.36293,1.00,1.00
2017.08.16 19:06:41.750,1.36274,1.36293,1.00,1.00
2017.08.16 19:06:42.228,1.36275,1.36295,1.00,1.00
2017.08.16 19:06:42.381,1.36278,1.36297,1.00,1.00
2017.08.16 19:06:42.686,1.36276,1.36295,1.50,1.00
2017.08.16 19:06:43.264,1.36275,1.36295,1.50,1.00
2017.08.16 19:06:43.898,1.36276,1.36295,1.00,1.31
2017.08.16 19:06:44.202,1.36274,1.36292,1.00,1.00
2017.08.16 19:06:44.767,1.36273,1.36292,1.50,1.00
2017.08.16 19:06:45.522,1.36274,1.36292,1.00,1.00
2017.08.16 19:06:46.061,1.36273,1.36292,1.00,1.00
2017.08.16 19:06:46.627,1.36274,1.36292,1.00,1.00
2017.08.16 19:06:47.180,1.36273,1.36292,1.00,1.00
2017.08.16 19:06:47.731,1.36274,1.36292,1.00,1.00
2017.08.16 19:06:48.393,1.36273,1.36292,1.00,1.00
2017.08.16 19:06:49.060,1.36274,1.36292,1.00,1.00
2017.08.16 19:06:49.720,1.36273,1.36292,1.00,1.00
2017.08.16 19:06:49.790,1.36273,1.36294,1.00,1.31
2017.08.16 19:06:50.499,1.36274,1.36294,1.00,1.56
2017.08.16 19:06:51.047,1.36273,1.36294,1.00,1.31
2017.08.16 19:06:51.823,1.36274,1.36294,1.00,1.56
2017.08.16 19:06:52.598,1.36273,1.36294,1.00,1.31
2017.08.16 19:06:53.148,1.36274,1.36294,1.00,1.56
2017.08.16 19:06:53.703,1.36273,1.36294,1.00,1.31
2017.08.16 19:06:54.586,1.36274,1.36294,1.00,1.56
2017.08.16 19:06:55.166,1.36273,1.36294,1.00,1.31
2017.08.16 19:06:55.805,1.36274,1.36294,1.00,1.56
2017.08.16 19:06:56.576,1.36273,1.36294,1.00,1.31
2017.08.16 19:06:57.686,1.36274,1.36294,1.00,1.56
2017.08.16 19:06:58.239,1.36273,1.36294,1.00,1.31
2017.08.16 19:06:58.900,1.36274,1.36294,1.00,1.56
2017.08.16 19:06:59.674,1.36273,1.36294,1.00,1.31
2017.08.16 19:07:00.451,1.36274,1.36294,1.00,1.56
2017.08.16 19:07:01.224,1.36273,1.36294,1.00,1.31
2017.08.16 19:07:02.220,1.36274,1.36294,1.00,1.56
2017.08.16 19:07:02.994,1.36273,1.36294,1.00,1.31
2017.08.16 19:07:03.544,1.36274,1.36294,1.00,1.56
2017.08.16 19:07:04.211,1.36273,1.36294,1.00,1.31
2017.08.16 19:07:04.873,1.36274,1.36294,1.00,1.56
2017.08.16 19:07:05.391,1.36273,1.36294,1.00,1.31
2017.08.16 19:07:05.910,1.36274,1.36294,1.00,1.56
2017.08.16 19:07:06.422,1.36273,1.36294,1.00,1.31
2017.08.16 19:07:07.088,1.36274,1.36294,1.00,1.56
2017.08.16 19:07:07.640,1.36273,1.36294,1.00,1.31
2017.08.16 19:07:07.901,1.36273,1.36291,1.00,1.00
2017.08.16 19:07:07.953,1.36271,1.36291,1.00,1.00
2017.08.16 19:07:08.524,1.36271,1.36291,1.00,1.31
2017.08.16 19:07:09.630,1.3627,1.36291,1.00,1.25
2017.08.16 19:07:10.181,1.36269,1.36291,2.25,1.25
2017.08.16 19:07:11.316,1.3627,1.36291,1.50,1.31
2017.08.16 19:07:12.067,1.36271,1.36294,1.50,1.50
2017.08.16 19:07:12.221,1.36273,1.36294,1.50,1.00
2017.08.16 19:07:12.739,1.36274,1.36294,1.50,1.00
2017.08.16 19:07:13.279,1.36273,1.36294,2.25,1.00
2017.08.16 19:07:13.971,1.36274,1.36294,1.50,1.00
2017.08.16 19:07:14.495,1.36273,1.36294,2.25,1.00
2017.08.16 19:07:15.051,1.36274,1.36294,1.50,1.00
2017.08.16 19:07:15.713,1.36273,1.36294,2.25,1.00
2017.08.16 19:07:16.265,1.36274,1.36294,1.50,1.00
2017.08.16 19:07:16.774,1.36273,1.36294,2.25,1.00
2017.08.16 19:07:17.368,1.36274,1.36294,1.50,1.00
2017.08.16 19:07:18.174,1.36273,1.36294,2.25,1.00
2017.08.16 19:07:18.831,1.36274,1.36294,1.50,1.00
2017.08.16 19:07:19.391,1.36273,1.36294,1.50,1.00
2017.08.16 19:07:19.914,1.36274,1.36294,1.00,1.31
2017.08.16 19:07:20.575,1.36273,1.36294,1.50,1.00
2017.08.16 19:07:21.151,1.36274,1.36294,1.00,1.12
2017.08.16 19:07:21.702,1.36273,1.36294,1.50,1.00
2017.08.16 19:07:22.307,1.36274,1.36294,1.00,1.12
2017.08.16 19:07:22.857,1.36273,1.36294,1.50,1.00
2017.08.16 19:07:23.695,1.36274,1.36294,1.00,1.12
2017.08.16 19:07:24.416,1.36273,1.36294,1.50,1.00
2017.08.16 19:07:24.971,1.36274,1.36294,1.00,1.12
2017.08.16 19:07:26.005,1.36273,1.36294,1.50,1.00
2017.08.16 19:07:27.100,1.36274,1.36294,1.00,1.12
2017.08.16 19:07:27.950,1.36273,1.36294,1.50,1.00
2017.08.16 19:07:28.466,1.36274,1.36294,1.00,1.00
2017.08.16 19:07:28.517,1.36275,1.36296,1.50,1.31
2017.08.16 19:07:28.619,1.36277,1.36296,1.00,1.00
2017.08.16 19:07:29.146,1.36276,1.36297,1.00,1.00
2017.08.16 19:07:34.917,1.36275,1.36297,2.44,1.00
2017.08.16 19:07:35.817,1.36276,1.36297,1.00,2.06
2017.08.16 19:07:36.371,1.36275,1.36297,2.25,1.00
2017.08.16 19:07:37.364,1.36276,1.36297,1.25,2.06
2017.08.16 19:07:37.918,1.36275,1.36297,2.25,1.00
2017.08.16 19:07:38.469,1.36276,1.36297,1.00,2.06
2017.08.16 19:07:39.136,1.36275,1.36297,2.25,1.00
2017.08.16 19:07:39.797,1.36276,1.36297,1.00,2.06
2017.08.16 19:07:40.683,1.36275,1.36297,2.25,1.00
2017.08.16 19:07:41.354,1.36276,1.36295,1.00,1.25
2017.08.16 19:07:41.406,1.36273,1.36295,2.25,1.00
2017.08.16 19:07:41.609,1.36274,1.36295,1.00,2.06
2017.08.16 19:07:42.229,1.36273,1.36292,2.25,1.00
2017.08.16 19:07:42.807,1.36274,1.36292,1.00,1.00
2017.08.16 19:07:43.899,1.36273,1.36292,2.25,1.00
2017.08.16 19:07:44.382,1.36276,1.36292,1.00,1.00
2017.08.16 19:07:44.896,1.36275,1.36292,1.50,1.00
2017.08.16 19:07:45.447,1.36276,1.36292,1.00,1.00
2017.08.16 19:07:45.980,1.36275,1.36292,1.50,1.00
2017.08.16 19:07:47.310,1.36276,1.36292,1.00,1.00
2017.08.16 19:07:48.322,1.36275,1.36292,1.50,1.00
2017.08.16 19:07:48.987,1.36276,1.36292,1.00,1.00
2017.08.16 19:07:49.542,1.36275,1.36292,1.50,1.00
2017.08.16 19:07:49.925,1.36275,1.36294,1.50,1.00
2017.08.16 19:07:50.535,1.36276,1.36294,1.00,1.00
2017.08.16 19:07:51.092,1.36275,1.36294,1.50,1.00
2017.08.16 19:07:51.642,1.36276,1.36294,1.00,1.00
2017.08.16 19:07:52.525,1.36275,1.36294,1.50,1.00
2017.08.16 19:07:52.956,1.36275,1.36296,1.50,1.00
2017.08.16 19:07:53.632,1.36276,1.36296,1.00,2.06
2017.08.16 19:07:54.187,1.36275,1.36296,1.50,1.00
2017.08.16 19:07:54.738,1.36276,1.36296,1.00,2.06
2017.08.16 19:07:55.400,1.36275,1.36296,1.50,1.00
2017.08.16 19:07:56.399,1.36276,1.36296,1.00,2.06
2017.08.16 19:07:57.172,1.36275,1.36296,1.50,1.00
2017.08.16 19:07:57.724,1.36276,1.36296,1.00,2.06
2017.08.16 19:07:58.278,1.36275,1.36296,1.50,1.00
2017.08.16 19:07:59.065,1.36276,1.36296,1.00,1.12
2017.08.16 19:07:59.655,1.36275,1.36296,1.00,1.00
2017.08.16 19:08:07.035,1.36274,1.36296,1.50,1.00
2017.08.16 19:08:07.727,1.36275,1.36296,1.00,2.06
2017.08.16 19:08:08.829,1.36274,1.36296,1.50,1.00
2017.08.16 19:08:10.111,1.36275,1.36296,1.00,2.06
2017.08.16 19:08:11.601,1.36276,1.36296,1.00,1.12
2017.08.16 19:08:12.173,1.36275,1.36296,1.50,1.00
2017.08.16 19:08:15.746,1.36276,1.36296,3.00,1.00
2017.08.16 19:08:15.797,1.36281,1.36301,1.00,1.37
2017.08.16 19:08:15.848,1.36281,1.36302,1.00,1.50
2017.08.16 19:08:15.899,1.36282,1.36304,1.00,1.39
2017.08.16 19:08:18.474,1.36282,1.36304,1.00,1.31
2017.08.16 19:08:19.136,1.36283,1.36304,1.00,1.31
2017.08.16 19:08:19.665,1.36283,1.36304,1.00,1.25
2017.08.16 19:08:19.970,1.36283,1.36302,1.00,1.00
2017.08.16 19:08:21.081,1.36284,1.36302,1.00,1.00
2017.08.16 19:08:23.109,1.36285,1.36302,1.00,1.00
2017.08.16 19:08:24.983,1.36284,1.36302,1.00,1.00
2017.08.16 19:08:27.323,1.36285,1.36305,1.00,1.12
2017.08.16 19:08:28.344,1.36286,1.36305,1.00,1.00
2017.08.16 19:08:28.893,1.36285,1.36305,1.50,1.00
2017.08.16 19:08:29.409,1.36286,1.36305,1.00,1.00
2017.08.16 19:08:30.320,1.36286,1.36306,1.50,1.31
2017.08.16 19:08:31.551,1.36286,1.36308,1.00,1.87
2017.08.16 19:08:32.170,1.36286,1.36307,1.50,1.00
2017.08.16 19:08:32.714,1.36287,1.36308,1.00,1.50
2017.08.16 19:08:32.765,1.36285,1.36308,1.69,2.25
2017.08.16 19:08:32.917,1.36285,1.36306,1.69,1.25
2017.08.16 19:08:33.130,1.36282,1.36304,2.06,1.00
2017.08.16 19:08:33.232,1.36285,1.36306,1.50,1.00
2017.08.16 19:08:33.633,1.36283,1.36305,3.19,1.19
2017.08.16 19:08:33.937,1.36283,1.36306,2.25,2.81
2017.08.16 19:08:33.992,1.36283,1.36305,1.50,1.19
2017.08.16 19:08:34.145,1.36283,1.36306,2.25,2.81
2017.08.16 19:08:34.213,1.36283,1.36305,1.50,1.19
2017.08.16 19:08:34.769,1.36283,1.36306,2.25,2.06
2017.08.16 19:08:36.169,1.36283,1.36303,1.50,1.19
2017.08.16 19:08:36.827,1.36282,1.36303,2.25,1.19
2017.08.16 19:08:37.372,1.36282,1.36303,2.25,1.31
2017.08.16 19:08:37.650,1.36282,1.36303,1.50,1.25
2017.08.16 19:08:37.984,1.36282,1.36303,2.25,1.31
2017.08.16 19:08:38.041,1.36282,1.36303,1.50,1.25
2017.08.16 19:08:38.152,1.36282,1.36303,2.25,1.31
2017.08.16 19:08:38.272,1.36282,1.36303,1.50,1.25
2017.08.16 19:08:38.808,1.36282,1.36303,2.25,1.31
2017.08.16 19:08:39.310,1.36282,1.36303,2.25,1.56
2017.08.16 19:08:39.564,1.36282,1.36301,1.00,1.56
2017.08.16 19:08:39.666,1.3628,1.36301,1.50,1.19
2017.08.16 19:08:40.530,1.3628,1.36301,1.00,1.00
2017.08.16 19:08:41.801,1.36277,1.36297,1.00,1.00
2017.08.16 19:08:43.460,1.36276,1.36297,1.50,1.25
2017.08.16 19:08:43.662,1.36273,1.36295,2.25,1.25
2017.08.16 19:08:44.593,1.36277,1.363,1.00,1.25
2017.08.16 19:08:44.796,1.3628,1.363,1.00,1.00
2017.08.16 19:08:44.847,1.3628,1.36302,1.00,1.12
2017.08.16 19:08:47.826,1.36282,1.36302,1.00,1.00
2017.08.16 19:08:47.877,1.36283,1.36304,1.00,1.00
2017.08.16 19:08:48.306,1.36282,1.36302,1.00,1.25
2017.08.16 19:08:48.509,1.3628,1.36302,1.50,1.00
2017.08.16 19:08:48.560,1.3628,1.363,1.00,1.00
2017.08.16 19:08:49.084,1.36279,1.363,1.00,1.25
2017.08.16 19:08:49.305,1.36282,1.36305,1.00,1.50
2017.08.16 19:08:49.660,1.36284,1.36305,1.00,1.00
2017.08.16 19:08:50.344,1.36284,1.36306,1.50,1.00
2017.08.16 19:08:51.222,1.36285,1.36306,1.00,1.00
2017.08.16 19:08:51.487,1.36283,1.36305,1.12,1.00
2017.08.16 19:08:51.621,1.36283,1.36303,1.00,1.00
2017.08.16 19:08:51.998,1.36284,1.36305,1.00,1.25
2017.08.16 19:08:52.543,1.36285,1.36306,1.00,1.31
2017.08.16 19:08:57.172,1.36285,1.36308,1.00,1.31
2017.08.16 19:08:59.962,1.36285,1.36308,1.00,1.19
2017.08.16 19:09:00.560,1.36285,1.36308,1.00,1.56
2017.08.16 19:09:00.998,1.36282,1.36305,2.25,1.69
2017.08.16 19:09:01.344,1.3628,1.363,1.00,1.00
2017.08.16 19:09:02.158,1.36278,1.363,1.00,1.00
2017.08.16 19:09:02.310,1.36277,1.36296,1.00,1.00
2017.08.16 19:09:02.513,1.36275,1.36296,1.00,1.25
2017.08.16 19:09:06.936,1.36275,1.36296,3.19,1.00
2017.08.16 19:09:07.493,1.36275,1.36296,3.19,1.00
2017.08.16 19:09:08.581,1.36277,1.36296,1.00,1.00
2017.08.16 19:09:08.722,1.36281,1.36303,1.00,1.00
2017.08.16 19:09:09.128,1.36282,1.36306,1.00,1.87
2017.08.16 19:09:09.637,1.36282,1.36306,3.19,1.12
2017.08.16 19:09:10.641,1.36282,1.36306,3.19,1.12
2017.08.16 19:09:11.181,1.36282,1.36306,1.50,1.00
2017.08.16 19:09:11.735,1.36282,1.36306,3.19,1.12
2017.08.16 19:09:12.303,1.36282,1.36306,1.50,1.00
2017.08.16 19:09:12.859,1.36282,1.36305,3.19,1.00
2017.08.16 19:09:13.465,1.36282,1.36305,1.50,1.00
2017.08.16 19:09:14.005,1.36282,1.36305,3.19,1.00
2017.08.16 19:09:14.520,1.36282,1.36305,3.19,1.00
2017.08.16 19:09:15.324,1.36282,1.36305,3.19,1.00
2017.08.16 19:09:15.844,1.36282,1.36305,3.75,1.00
2017.08.16 19:09:16.399,1.36283,1.36305,2.06,1.00
2017.08.16 19:09:16.508,1.36285,1.36306,1.00,1.00
2017.08.16 19:09:18.817,1.36286,1.36309,1.00,1.56
2017.08.16 19:09:19.438,1.36286,1.36309,1.19,1.56
2017.08.16 19:09:20.091,1.36285,1.36306,2.62,1.00
2017.08.16 19:09:22.121,1.36285,1.36306,2.25,1.00
2017.08.16 19:09:25.562,1.36286,1.36306,1.00,1.00
2017.08.16 19:09:26.431,1.36285,1.36306,2.25,1.00
2017.08.16 19:09:27.005,1.36286,1.36306,1.00,1.00
2017.08.16 19:09:27.528,1.36285,1.36306,1.50,1.00
2017.08.16 19:09:28.059,1.36284,1.36306,2.62,1.00
2017.08.16 19:09:28.581,1.36285,1.36306,1.00,1.00
2017.08.16 19:09:40.681,1.36284,1.36304,1.00,1.00
2017.08.16 19:09:41.024,1.36283,1.36304,1.00,1.31
2017.08.16 19:09:41.310,1.36282,1.36304,1.50,1.25
2017.08.16 19:09:41.405,1.36283,1.36304,1.00,1.31
2017.08.16 19:09:41.946,1.36283,1.36304,1.00,1.56
2017.08.16 19:09:41.997,1.36282,1.36304,1.50,1.31
2017.08.16 19:09:42.475,1.36283,1.36302,1.00,1.19
2017.08.16 19:09:50.146,1.36282,1.36302,1.00,1.25
2017.08.16 19:09:50.450,1.36279,1.36298,1.00,1.00
2017.08.16 19:09:51.221,1.36278,1.36298,1.00,1.00
2017.08.16 19:09:51.843,1.36277,1.36298,1.69,1.31
2017.08.16 19:09:56.660,1.36277,1.36298,1.00,1.25
2017.08.16 19:10:01.653,1.36279,1.36301,1.50,1.50
2017.08.16 19:10:01.704,1.36282,1.36304,1.50,1.00
2017.08.16 19:10:01.806,1.36283,1.36307,2.25,1.00
2017.08.16 19:10:01.907,1.36285,1.36307,1.00,1.00
2017.08.16 19:10:02.524,1.36284,1.36307,1.50,1.00
2017.08.16 19:10:03.066,1.36285,1.36307,1.00,1.00
2017.08.16 19:10:03.672,1.36284,1.36307,1.50,1.00
2017.08.16 19:10:04.061,1.36286,1.36307,1.00,1.00
2017.08.16 19:10:04.572,1.36285,1.36308,2.81,1.00
2017.08.16 19:10:05.125,1.36286,1.36308,1.25,1.31
2017.08.16 19:10:05.658,1.36287,1.36308,1.00,1.00
2017.08.16 19:10:07.717,1.36286,1.36307,1.25,1.31
2017.08.16 19:10:07.769,1.36284,1.36307,1.25,1.31
2017.08.16 19:10:08.025,1.36284,1.36307,1.00,1.56
2017.08.16 19:10:08.660,1.36283,1.36307,1.50,1.56
2017.08.16 19:10:09.267,1.36284,1.36307,1.00,1.56
2017.08.16 19:10:10.042,1.36284,1.36307,1.00,1.56
2017.08.16 19:10:10.976,1.36285,1.36307,1.00,1.37
2017.08.16 19:10:11.027,1.36285,1.36307,1.00,1.31
2017.08.16 19:10:11.338,1.36284,1.36307,1.00,1.31
2017.08.16 19:10:11.913,1.36285,1.36307,1.00,1.56
2017.08.16 19:10:12.527,1.36285,1.36304,1.00,1.25
2017.08.16 19:10:13.773,1.36284,1.36304,1.00,1.00
2017.08.16 19:10:14.484,1.36285,1.36304,1.00,1.00
2017.08.16 19:10:15.071,1.36284,1.36304,1.00,1.00
2017.08.16 19:10:15.949,1.36285,1.36304,1.00,1.00
2017.08.16 19:10:16.608,1.36284,1.36304,1.00,1.00
2017.08.16 19:10:17.472,1.36285,1.36304,1.00,1.00
2017.08.16 19:10:18.071,1.36284,1.36304,1.00,1.00
2017.08.16 19:10:18.686,1.36285,1.36304,1.00,1.00
2017.08.16 19:10:19.954,1.36284,1.36304,1.00,1.00
2017.08.16 19:10:20.507,1.36285,1.36305,1.00,1.25
2017.08.16 19:10:21.061,1.36284,1.36305,1.50,1.00
2017.08.16 19:10:21.832,1.36285,1.36305,1.00,1.25
2017.08.16 19:10:22.393,1.36284,1.36305,1.50,1.00
2017.08.16 19:10:22.950,1.36285,1.36305,1.00,1.31
2017.08.16 19:10:23.493,1.36284,1.36305,1.50,1.00
2017.08.16 19:10:24.042,1.36285,1.36305,1.00,1.31
2017.08.16 19:10:24.554,1.36284,1.36305,1.50,1.00
2017.08.16 19:10:25.372,1.36285,1.36305,1.00,1.31
2017.08.16 19:10:25.908,1.36284,1.36305,1.50,1.00
2017.08.16 19:10:26.698,1.36285,1.36305,1.00,1.31
2017.08.16 19:10:27.254,1.36284,1.36305,1.50,1.00
2017.08.16 19:10:27.806,1.36284,1.36307,1.50,1.31
2017.08.16 19:10:28.620,1.36285,1.36307,1.00,1.56
2017.08.16 19:10:29.176,1.36284,1.36307,1.50,1.31
2017.08.16 19:10:29.683,1.36285,1.36307,1.00,1.56
2017.08.16 19:10:30.235,1.36284,1.36307,1.50,1.31
2017.08.16 19:10:30.763,1.36285,1.36307,1.00,1.56
2017.08.16 19:10:31.344,1.36284,1.36307,1.50,1.31
2017.08.16 19:10:31.896,1.36285,1.36307,1.00,1.56
2017.08.16 19:10:32.627,1.36284,1.36307,1.50,1.19
2017.08.16 19:10:33.332,1.36285,1.36307,1.00,1.56
2017.08.16 19:10:33.994,1.36284,1.36307,1.50,1.31
2017.08.16 19:10:34.771,1.36285,1.36307,1.00,1.56
2017.08.16 19:10:35.323,1.36284,1.36306,1.00,1.25
2017.08.16 19:10:35.878,1.36285,1.36306,1.00,1.31
2017.08.16 19:10:36.695,1.36284,1.36306,1.00,1.25
2017.08.16 19:10:37.203,1.36285,1.36306,1.00,1.31
2017.08.16 19:10:37.758,1.36284,1.36306,1.00,1.25
2017.08.16 19:10:38.533,1.36285,1.36306,1.00,1.31
2017.08.16 19:10:39.078,1.36284,1.36306,1.00,1.25
2017.08.16 19:10:39.791,1.36285,1.36306,1.00,1.31
2017.08.16 19:10:40.301,1.36284,1.36306,1.00,1.31
2017.08.16 19:10:41.185,1.36285,1.36306,1.00,1.56
2017.08.16 19:10:41.723,1.36284,1.36306,1.00,1.31
2017.08.16 19:10:42.291,1.36285,1.36306,1.00,1.56
2017.08.16 19:10:49.823,1.36284,1.36306,1.00,1.25
2017.08.16 19:10:50.403,1.36285,1.36306,1.00,1.56
2017.08.16 19:10:50.935,1.36285,1.36306,1.00,1.69
2017.08.16 19:10:56.725,1.36283,1.36306,1.69,1.69
2017.08.16 19:11:02.366,1.36283,1.36305,1.50,1.31
2017.08.16 19:11:02.468,1.36281,1.36304,1.00,1.31
2017.08.16 19:11:02.519,1.36282,1.36304,1.00,1.56
2017.08.16 19:11:03.263,1.36281,1.36304,1.00,2.44
2017.08.16 19:11:04.015,1.3628,1.36301,1.00,1.25
2017.08.16 19:11:04.168,1.36278,1.36301,2.25,1.25
2017.08.16 19:11:04.219,1.3628,1.36302,1.00,1.19
2017.08.16 19:11:05.004,1.3628,1.36302,1.00,1.00
2017.08.16 19:11:05.324,1.36282,1.36305,1.00,1.50
2017.08.16 19:11:08.824,1.3628,1.36303,2.62,1.00
2017.08.16 19:11:09.655,1.36281,1.36303,1.19,1.00
2017.08.16 19:11:10.950,1.36283,1.36305,1.25,1.12
2017.08.16 19:11:11.707,1.36282,1.36305,2.25,1.00
2017.08.16 19:11:12.591,1.36283,1.36305,1.00,1.00
2017.08.16 19:11:12.693,1.36283,1.36303,1.00,1.00
2017.08.16 19:11:13.269,1.36282,1.36303,2.25,1.00
2017.08.16 19:11:13.807,1.36283,1.36303,1.00,1.00
2017.08.16 19:11:14.468,1.36282,1.36303,2.25,1.00
2017.08.16 19:11:15.245,1.36283,1.36303,1.00,1.00
2017.08.16 19:11:15.516,1.36284,1.36305,1.50,1.31
2017.08.16 19:11:17.089,1.36285,1.36305,1.00,1.00
2017.08.16 19:11:17.140,1.36286,1.36307,1.00,1.00
2017.08.16 19:11:20.379,1.36285,1.36307,1.25,1.00
2017.08.16 19:11:20.881,1.36284,1.36307,3.19,1.00
2017.08.16 19:11:21.250,1.36286,1.36308,1.00,1.00
2017.08.16 19:11:21.588,1.36285,1.36305,1.00,1.00
2017.08.16 19:11:27.681,1.36284,1.36305,1.69,1.00
2017.08.16 19:11:28.143,1.36289,1.3631,1.00,1.69
2017.08.16 19:11:28.735,1.36289,1.3631,1.00,1.00
2017.08.16 19:11:29.480,1.3629,1.3631,1.00,1.00
2017.08.16 19:11:30.112,1.36289,1.3631,1.87,1.00
2017.08.16 19:11:30.654,1.3629,1.3631,1.00,1.00
2017.08.16 19:11:31.267,1.36289,1.3631,1.87,1.00
2017.08.16 19:11:31.886,1.3629,1.3631,1.00,1.31
2017.08.16 19:11:32.467,1.36289,1.3631,1.50,1.00
2017.08.16 19:11:33.189,1.36289,1.36308,1.00,1.00
2017.08.16 19:11:33.779,1.36288,1.36308,1.00,1.00
2017.08.16 19:11:34.304,1.36289,1.36308,1.00,1.00
2017.08.16 19:11:34.817,1.36288,1.36308,1.00,1.00
2017.08.16 19:11:35.346,1.36289,1.36308,1.00,1.00
2017.08.16 19:11:35.397,1.36288,1.3631,1.50,1.00
2017.08.16 19:11:35.900,1.36289,1.3631,1.00,1.31
2017.08.16 19:11:36.668,1.36288,1.3631,1.50,1.00
2017.08.16 19:11:37.389,1.36289,1.3631,1.00,1.31
2017.08.16 19:11:37.932,1.36288,1.3631,1.50,1.00
2017.08.16 19:11:38.435,1.36289,1.3631,1.00,1.31
2017.08.16 19:11:39.207,1.36288,1.3631,1.50,1.00
2017.08.16 19:11:39.836,1.36289,1.3631,1.00,1.31
2017.08.16 19:11:40.375,1.36288,1.3631,1.50,1.00
2017.08.16 19:11:40.816,1.3629,1.36313,1.00,1.81
2017.08.16 19:11:41.019,1.3629,1.36313,1.69,1.12
2017.08.16 19:11:41.588,1.36291,1.36313,1.00,1.31
2017.08.16 19:11:42.224,1.3629,1.36313,1.50,1.00
2017.08.16 19:11:42.824,1.36291,1.36313,1.00,1.00
2017.08.16 19:11:44.089,1.36292,1.36313,1.00,1.00
2017.08.16 19:11:44.627,1.36291,1.36313,3.00,1.00
2017.08.16 19:11:45.219,1.36292,1.36313,1.00,1.00
2017.08.16 19:11:47.196,1.36291,1.36313,2.25,1.00
2017.08.16 19:11:49.003,1.36292,1.36313,1.00,1.00
2017.08.16 19:11:49.563,1.36291,1.36313,1.50,1.00
2017.08.16 19:11:50.224,1.36292,1.36313,1.00,1.00
2017.08.16 19:11:53.889,1.36291,1.36313,1.50,1.00
2017.08.16 19:11:54.885,1.36292,1.36313,1.00,1.00
2017.08.16 19:11:55.493,1.36291,1.36313,1.50,1.00
2017.08.16 19:11:56.665,1.36292,1.36313,1.00,1.00
2017.08.16 19:11:57.208,1.36291,1.36313,1.50,1.00
2017.08.16 19:11:57.758,1.36292,1.36313,1.00,1.00
2017.08.16 19:11:58.462,1.36291,1.36313,1.00,1.25
2017.08.16 19:12:07.138,1.3629,1.36313,3.19,1.31
2017.08.16 19:12:07.517,1.3629,1.36313,2.44,1.56
2017.08.16 19:12:12.777,1.3629,1.36311,1.00,1.25
2017.08.16 19:12:14.977,1.3629,1.36311,1.69,1.19
2017.08.16 19:12:17.547,1.3629,1.36311,1.25,1.25
2017.08.16 19:12:18.375,1.3629,1.36311,1.25,1.19
2017.08.16 19:12:20.501,1.3629,1.36312,1.00,1.31
2017.08.16 19:12:20.653,1.36288,1.3631,1.00,1.31
2017.08.16 19:12:20.755,1.36287,1.3631,2.44,1.56
2017.08.16 19:12:20.907,1.36285,1.36307,1.25,1.25
2017.08.16 19:12:21.509,1.36284,1.36307,2.81,1.25
2017.08.16 19:12:22.111,1.36285,1.36307,1.00,1.19
2017.08.16 19:12:22.883,1.36284,1.36307,1.87,1.25
2017.08.16 19:12:23.322,1.36288,1.36309,1.00,1.31
2017.08.16 19:12:23.828,1.36288,1.36309,1.50,1.00
2017.08.16 19:12:24.568,1.36289,1.36309,1.50,1.00
2017.08.16 19:12:25.028,1.36289,1.36313,2.25,1.31
2017.08.16 19:12:25.550,1.3629,1.36313,1.00,1.00
2017.08.16 19:12:26.364,1.3629,1.36313,1.25,1.31
2017.08.16 19:12:26.877,1.3629,1.36313,1.00,1.31
2017.08.16 19:12:27.432,1.3629,1.36313,1.69,1.56
2017.08.16 19:12:27.981,1.36291,1.36312,1.00,1.00
2017.08.16 19:12:31.474,1.36289,1.36311,1.69,1.31
2017.08.16 19:12:31.778,1.36287,1.36308,1.50,1.25
2017.08.16 19:12:32.776,1.36287,1.36308,1.50,1.19
2017.08.16 19:12:33.281,1.36287,1.36308,1.00,1.25
2017.08.16 19:12:33.844,1.36287,1.36308,1.50,1.19
2017.08.16 19:12:34.729,1.36287,1.36308,1.00,1.25
2017.08.16 19:12:35.493,1.36286,1.36308,2.62,1.25
2017.08.16 19:12:36.498,1.36287,1.36308,1.00,1.19
2017.08.16 19:12:37.162,1.36286,1.36308,2.62,1.25
2017.08.16 19:12:37.829,1.36287,1.36308,1.00,1.19
2017.08.16 19:12:38.381,1.36286,1.36308,2.62,1.25
2017.08.16 19:12:38.923,1.36287,1.36308,1.00,1.19
2017.08.16 19:12:39.819,1.36286,1.36308,2.62,1.25
2017.08.16 19:12:40.371,1.36287,1.36308,1.00,1.19
2017.08.16 19:12:40.928,1.36286,1.36308,2.62,1.25
2017.08.16 19:12:41.474,1.36287,1.36308,1.00,1.19
2017.08.16 19:12:42.142,1.36286,1.36308,1.50,1.25
2017.08.16 19:12:42.943,1.36287,1.36308,1.00,1.19
2017.08.16 19:12:43.603,1.36286,1.36308,1.50,1.25
2017.08.16 19:12:44.265,1.36287,1.36308,1.00,1.19
2017.08.16 19:12:45.013,1.36286,1.36308,1.50,1.25
2017.08.16 19:12:45.676,1.36287,1.36308,1.00,1.19
2017.08.16 19:12:46.343,1.36286,1.36308,1.50,1.25
2017.08.16 19:12:47.005,1.36287,1.36308,1.00,1.19
2017.08.16 19:12:47.565,1.36286,1.36308,1.50,1.25
2017.08.16 19:12:48.110,1.36287,1.36308,1.00,1.19
2017.08.16 19:12:48.777,1.36286,1.36308,1.50,1.25
2017.08.16 19:12:49.647,1.36287,1.36308,1.00,1.19
2017.08.16 19:12:50.212,1.36286,1.36308,1.50,1.25
2017.08.16 19:12:50.767,1.36287,1.36308,1.00,1.19
2017.08.16 19:12:51.195,1.36289,1.3631,1.00,1.00
2017.08.16 19:12:51.749,1.3629,1.3631,1.00,1.00
2017.08.16 19:12:52.292,1.36289,1.3631,1.50,1.00
2017.08.16 19:12:52.820,1.3629,1.3631,1.00,1.00
2017.08.16 19:12:53.409,1.36289,1.3631,1.50,1.00
2017.08.16 19:12:54.189,1.3629,1.3631,1.00,1.00
2017.08.16 19:12:54.738,1.36289,1.3631,1.50,1.00
2017.08.16 19:12:55.734,1.3629,1.3631,1.00,1.00
2017.08.16 19:12:56.394,1.36289,1.3631,1.50,1.00
2017.08.16 19:12:57.022,1.3629,1.3631,1.00,1.00
2017.08.16 19:12:57.593,1.36289,1.3631,1.50,1.00
2017.08.16 19:12:58.105,1.3629,1.36311,1.00,1.25
2017.08.16 19:12:58.740,1.3629,1.36311,1.69,1.19
2017.08.16 19:13:00.112,1.3629,1.36311,1.00,1.25
2017.08.16 19:13:03.166,1.3629,1.36311,1.00,1.31
2017.08.16 19:13:03.764,1.3629,1.36311,1.00,1.00
2017.08.16 19:13:03.815,1.36288,1.36309,1.50,1.00
2017.08.16 19:13:04.358,1.36289,1.36309,1.00,1.00
2017.08.16 19:13:05.023,1.36288,1.36309,1.50,1.00
2017.08.16 19:13:05.545,1.36289,1.3631,1.50,1.12
2017.08.16 19:13:07.488,1.36287,1.36307,1.69,1.00
2017.08.16 19:13:07.540,1.36287,1.36307,1.00,1.00
2017.08.16 19:13:08.752,1.36289,1.36312,1.00,1.87
2017.08.16 19:13:08.854,1.36291,1.36313,1.00,1.37
2017.08.16 19:13:08.905,1.36292,1.36314,1.00,1.50
2017.08.16 19:13:09.434,1.36291,1.36314,1.25,2.44
2017.08.16 19:13:09.985,1.36291,1.36314,1.25,1.69
2017.08.16 19:13:10.548,1.36291,1.36314,1.19,1.69
2017.08.16 19:13:12.908,1.36291,1.36311,1.19,1.00
2017.08.16 19:13:16.635,1.3629,1.36311,2.25,1.00
2017.08.16 19:13:19.014,1.3629,1.36311,1.69,1.31
2017.08.16 19:13:19.571,1.3629,1.36311,1.00,1.00
2017.08.16 19:13:25.649,1.3629,1.36311,1.69,1.31
2017.08.16 19:13:26.204,1.3629,1.36311,1.69,1.31
2017.08.16 19:13:26.651,1.36292,1.36313,1.00,1.12
2017.08.16 19:13:27.936,1.36293,1.36314,1.00,1.25
2017.08.16 19:13:28.674,1.36293,1.36314,1.25,1.19
2017.08.16 19:13:29.185,1.36293,1.36314,1.00,1.00
2017.08.16 19:13:35.105,1.36294,1.36314,1.00,1.00
2017.08.16 19:13:35.606,1.36293,1.36314,1.50,1.00
2017.08.16 19:13:35.937,1.36296,1.36317,1.00,1.00
2017.08.16 19:13:42.996,1.36294,1.36317,2.44,1.00
2017.08.16 19:13:43.827,1.36294,1.36317,2.44,1.00
2017.08.16 19:13:44.132,1.36298,1.36319,1.00,1.12
2017.08.16 19:13:44.419,1.36294,1.36317,1.00,1.00
2017.08.16 19:13:44.687,1.36294,1.36317,1.50,1.56
2017.08.16 19:13:48.119,1.36294,1.36317,1.00,1.56
2017.08.16 19:13:48.249,1.36293,1.36313,1.69,1.00
2017.08.16 19:13:49.057,1.36292,1.36313,1.50,1.00
2017.08.16 19:13:49.721,1.36292,1.36313,3.19,1.19
2017.08.16 19:13:50.633,1.36293,1.36314,1.00,1.31
2017.08.16 19:13:51.164,1.36293,1.36314,1.00,1.31
2017.08.16 19:13:51.367,1.3629,1.36312,2.44,1.31
2017.08.16 19:13:51.570,1.36288,1.3631,1.87,1.31
2017.08.16 19:14:00.108,1.36287,1.36307,1.25,1.00
2017.08.16 19:14:00.615,1.36286,1.36307,1.00,1.25
2017.08.16 19:14:01.166,1.36285,1.36307,1.00,1.19
2017.08.16 19:14:01.493,1.36288,1.36309,1.00,1.00
2017.08.16 19:14:03.045,1.3629,1.36312,1.00,1.69
2017.08.16 19:14:03.559,1.36291,1.36312,1.00,1.00
2017.08.16 19:14:04.597,1.3629,1.36312,3.00,1.00
2017.08.16 19:14:05.102,1.36291,1.36312,1.00,1.00
2017.08.16 19:14:12.460,1.36291,1.36312,1.00,1.31
2017.08.16 19:14:12.511,1.36289,1.36309,1.25,1.00
2017.08.16 19:14:18.955,1.36288,1.36307,1.25,1.00
2017.08.16 19:14:19.159,1.36286,1.36307,1.00,1.25
2017.08.16 19:14:19.210,1.36285,1.36305,1.25,1.00
2017.08.16 19:14:19.764,1.36284,1.36305,1.00,1.00
2017.08.16 19:14:20.298,1.36283,1.36306,2.44,1.25
2017.08.16 19:14:20.678,1.36284,1.36306,1.25,1.31
2017.08.16 19:14:21.226,1.36283,1.36306,2.25,1.31
2017.08.16 19:14:21.559,1.36281,1.36302,1.69,1.25
2017.08.16 19:14:22.397,1.36279,1.36301,1.69,1.00
2017.08.16 19:14:22.702,1.36277,1.36298,1.00,1.19
2017.08.16 19:14:23.245,1.36277,1.36298,1.00,1.25
2017.08.16 19:14:23.755,1.36277,1.36298,1.00,1.31
2017.08.16 19:14:24.352,1.36277,1.36298,1.00,1.00
2017.08.16 19:14:28.059,1.36275,1.36299,3.19,1.25
2017.08.16 19:14:28.615,1.36275,1.36299,3.19,1.25
2017.08.16 19:14:29.226,1.36275,1.36299,3.19,1.25
2017.08.16 19:14:29.779,1.36275,1.36299,3.19,1.25
2017.08.16 19:14:30.345,1.36275,1.36299,1.00,1.00
2017.08.16 19:14:30.924,1.36275,1.36299,3.19,1.25
2017.08.16 19:14:31.480,1.36275,1.36299,1.00,1.00
2017.08.16 19:14:32.090,1.36275,1.36299,3.19,1.25
2017.08.16 19:14:32.607,1.36275,1.36299,3.19,1.25
2017.08.16 19:14:33.318,1.36275,1.36299,3.19,1.25
2017.08.16 19:14:33.921,1.36275,1.36299,1.00,1.00
2017.08.16 19:14:34.472,1.36275,1.36299,3.19,1.25
2017.08.16 19:14:35.026,1.36275,1.36299,3.19,1.25
2017.08.16 19:14:35.839,1.36275,1.36299,3.19,1.25
2017.08.16 19:14:36.395,1.36275,1.36299,1.00,1.00
2017.08.16 19:14:36.994,1.36275,1.36299,3.19,1.25
2017.08.16 19:14:37.143,1.3628,1.36303,1.00,1.69
2017.08.16 19:14:37.447,1.36284,1.36305,1.00,1.00
2017.08.16 19:14:42.351,1.36284,1.36305,1.00,1.31
2017.08.16 19:14:43.287,1.36283,1.36304,1.25,1.00
2017.08.16 19:14:50.760,1.36284,1.36305,1.00,1.00
2017.08.16 19:14:58.865,1.36285,1.36308,1.00,1.69
2017.08.16 19:15:05.790,1.36284,1.36305,1.69,1.00
2017.08.16 19:15:07.081,1.36284,1.36305,1.00,1.31
2017.08.16 19:15:07.183,1.36281,1.36303,1.00,1.00
2017.08.16 19:15:07.234,1.36279,1.363,1.69,1.00
2017.08.16 19:15:08.249,1.36279,1.363,1.87,1.00
2017.08.16 19:15:09.021,1.36279,1.363,1.25,1.00
2017.08.16 19:15:09.858,1.36279,1.363,1.87,1.00
2017.08.16 19:15:10.461,1.36279,1.363,1.25,1.00
2017.08.16 19:15:11.013,1.36279,1.363,1.87,1.00
2017.08.16 19:15:11.740,1.36279,1.363,1.25,1.00
2017.08.16 19:15:12.337,1.36279,1.363,1.87,1.00
2017.08.16 19:15:12.893,1.36279,1.363,1.25,1.00
2017.08.16 19:15:13.163,1.3628,1.36302,1.00,1.00
2017.08.16 19:15:17.684,1.36279,1.36302,1.00,1.00
2017.08.16 19:15:18.260,1.36279,1.36302,1.19,1.25
2017.08.16 19:15:18.771,1.36279,1.36302,1.25,1.00
2017.08.16 19:15:19.587,1.36279,1.36302,1.19,1.25
2017.08.16 19:15:20.140,1.36279,1.36302,1.00,1.00
2017.08.16 19:15:20.854,1.36278,1.36301,2.44,1.00
2017.08.16 19:15:21.358,1.36278,1.36301,1.00,1.00
2017.08.16 19:15:25.344,1.36282,1.36303,1.00,1.00
2017.08.16 19:15:25.930,1.36283,1.36303,1.00,1.00
2017.08.16 19:15:26.708,1.36282,1.36303,2.25,1.00
2017.08.16 19:15:27.372,1.36283,1.36303,1.50,1.00
2017.08.16 19:15:27.877,1.36282,1.36303,3.00,1.00
2017.08.16 19:15:28.156,1.36283,1.36305,1.50,1.00
2017.08.16 19:15:28.874,1.36282,1.36305,3.19,1.00
2017.08.16 19:15:28.984,1.36283,1.36305,1.69,1.00
2017.08.16 19:15:29.035,1.36282,1.36305,3.00,1.00
2017.08.16 19:15:29.652,1.36283,1.36305,1.50,1.00
2017.08.16 19:15:30.202,1.36282,1.36305,3.19,1.00
2017.08.16 19:15:30.746,1.36283,1.36305,1.69,1.00
2017.08.16 19:15:31.312,1.36282,1.36305,3.19,1.00
2017.08.16 19:15:31.974,1.36283,1.36305,1.69,1.00
2017.08.16 19:15:32.747,1.36282,1.36305,3.00,1.00
2017.08.16 19:15:33.631,1.36283,1.36305,1.50,1.00
2017.08.16 19:15:34.405,1.36282,1.36305,3.19,1.00
2017.08.16 19:15:34.961,1.36283,1.36305,1.50,1.00
2017.08.16 19:15:35.892,1.36283,1.36306,2.25,1.00
2017.08.16 19:15:38.092,1.36283,1.36306,2.44,1.00
2017.08.16 19:15:38.618,1.36283,1.36306,1.50,1.00
2017.08.16 19:15:41.059,1.36283,1.36306,3.19,1.00
2017.08.16 19:15:41.591,1.36283,1.36306,3.19,1.00
2017.08.16 19:15:42.007,1.36282,1.36304,1.19,1.00
2017.08.16 19:15:42.311,1.36283,1.36304,1.00,1.31
2017.08.16 19:15:42.857,1.36282,1.36304,1.50,1.19
2017.08.16 19:15:52.335,1.36282,1.36304,1.00,1.25
2017.08.16 19:15:52.751,1.36282,1.36304,1.25,1.31
2017.08.16 19:15:58.940,1.36282,1.36303,1.00,1.25
2017.08.16 19:16:01.189,1.36282,1.36303,1.25,1.31
2017.08.16 19:16:01.341,1.3628,1.36303,2.25,1.25
2017.08.16 19:16:01.872,1.3628,1.36303,3.94,1.31
2017.08.16 19:16:02.398,1.3628,1.36303,2.44,1.25
2017.08.16 19:16:03.088,1.3628,1.36303,3.94,1.31
2017.08.16 19:16:03.641,1.3628,1.36303,2.44,1.25
2017.08.16 19:16:04.189,1.3628,1.36303,2.44,1.25
2017.08.16 19:16:04.745,1.3628,1.36303,3.94,1.31
2017.08.16 19:16:05.286,1.3628,1.363,1.25,1.00
2017.08.16 19:16:05.447,1.36276,1.36297,1.50,1.31
2017.08.16 19:16:06.012,1.36276,1.36297,1.00,1.31
2017.08.16 19:16:06.616,1.36275,1.36297,1.00,1.31
2017.08.16 19:16:07.147,1.36274,1.36297,1.87,1.25
2017.08.16 19:16:08.012,1.36275,1.36297,1.00,1.31
2017.08.16 19:16:08.895,1.36274,1.36297,1.87,1.25
2017.08.16 19:16:09.486,1.36275,1.36297,1.00,1.31
2017.08.16 19:16:10.003,1.36274,1.36297,1.87,1.25
2017.08.16 19:16:10.802,1.36275,1.36297,1.00,1.31
2017.08.16 19:16:11.464,1.36274,1.36297,1.87,1.25
2017.08.16 19:16:12.124,1.36275,1.36297,1.00,1.31
2017.08.16 19:16:12.886,1.36274,1.36297,1.87,1.25
2017.08.16 19:16:13.470,1.36275,1.36297,1.25,1.31
2017.08.16 19:16:14.102,1.36274,1.36297,2.81,1.25
2017.08.16 19:16:14.637,1.36275,1.36297,1.00,1.31
2017.08.16 19:16:15.304,1.36274,1.36297,2.62,1.25
2017.08.16 19:16:15.857,1.36275,1.36297,1.00,1.25
2017.08.16 19:16:16.628,1.36275,1.36297,1.50,1.31
2017.08.16 19:16:17.292,1.36275,1.36297,1.00,1.25
2017.08.16 19:16:18.297,1.36275,1.36297,1.69,1.31
2017.08.16 19:16:18.974,1.36275,1.36297,1.00,1.25
2017.08.16 19:16:19.594,1.36275,1.36297,1.69,1.19
2017.08.16 19:16:20.105,1.36275,1.36297,2.44,1.00
2017.08.16 19:16:25.111,1.36275,1.36297,2.44,1.00
2017.08.16 19:16:25.659,1.36275,1.36297,1.00,1.00
2017.08.16 19:16:26.221,1.36274,1.36297,4.12,1.00
2017.08.16 19:16:26.771,1.36275,1.36297,1.69,1.00
2017.08.16 19:16:27.852,1.36274,1.36297,4.12,1.00
2017.08.16 19:16:28.393,1.36275,1.36297,1.69,1.00
2017.08.16 19:16:28.912,1.36274,1.36297,4.12,1.00
2017.08.16 19:16:29.467,1.36275,1.36297,1.69,1.00
2017.08.16 19:16:29.991,1.36274,1.36297,4.31,1.00
2017.08.16 19:16:30.863,1.36275,1.36297,1.69,1.00
2017.08.16 19:16:31.499,1.36274,1.36297,4.31,1.00
2017.08.16 19:16:32.405,1.36276,1.36297,1.00,1.00
2017.08.16 19:16:32.756,1.36278,1.36297,1.00,1.00
2017.08.16 19:16:33.536,1.36277,1.36297,1.00,1.00
2017.08.16 19:16:33.915,1.36278,1.36302,1.00,2.51
2017.08.16 19:16:34.016,1.36281,1.36302,1.00,1.00
2017.08.16 19:16:34.524,1.36282,1.36303,3.00,1.00
2017.08.16 19:16:35.716,1.36278,1.36299,1.50,1.00
2017.08.16 19:16:42.429,1.36277,1.36298,2.44,1.00
2017.08.16 19:16:42.482,1.36276,1.36298,1.25,1.00
2017.08.16 19:16:42.584,1.36274,1.36295,1.00,1.00
2017.08.16 19:16:42.790,1.36272,1.36295,3.19,1.00
2017.08.16 19:16:43.373,1.36273,1.36295,1.25,1.19
2017.08.16 19:16:43.896,1.36272,1.36295,1.69,1.25
2017.08.16 19:16:44.397,1.36272,1.36295,1.69,1.19
2017.08.16 19:16:45.062,1.36272,1.36295,1.69,1.25
2017.08.16 19:16:45.441,1.36275,1.36296,1.00,1.12
2017.08.16 19:16:46.914,1.36277,1.363,1.00,1.19
2017.08.16 19:16:47.016,1.36279,1.36302,1.00,1.37
2017.08.16 19:16:47.168,1.36281,1.36304,1.25,1.31
2017.08.16 19:16:47.219,1.36283,1.36306,2.44,1.87
2017.08.16 19:16:47.866,1.36284,1.36306,1.00,1.00
2017.08.16 19:16:48.396,1.36283,1.36306,3.19,1.00
2017.08.16 19:16:49.524,1.36283,1.36306,3.19,1.00
2017.08.16 19:16:50.074,1.36283,1.36306,1.50,1.00
2017.08.16 19:16:50.629,1.36283,1.36306,3.19,1.00
2017.08.16 19:16:51.183,1.36283,1.36306,3.19,1.00
2017.08.16 19:16:52.175,1.36283,1.36306,3.19,1.00
2017.08.16 19:16:52.731,1.36283,1.36306,3.19,1.00
2017.08.16 19:16:53.283,1.36283,1.36306,3.19,1.00
2017.08.16 19:16:53.834,1.36283,1.36306,1.50,1.00
2017.08.16 19:16:54.832,1.36283,1.36306,3.19,1.00
2017.08.16 19:16:55.413,1.36283,1.36306,1.50,1.00
2017.08.16 19:16:56.601,1.36283,1.36306,3.19,1.00
2017.08.16 19:16:57.202,1.36283,1.36306,3.19,1.00
2017.08.16 19:16:57.970,1.36283,1.36306,2.44,1.00
2017.08.16 19:16:58.346,1.36286,1.36309,1.00,1.69
2017.08.16 19:16:58.682,1.36287,1.36308,1.25,1.31
2017.08.16 19:17:00.323,1.36284,1.36307,1.87,1.25
2017.08.16 19:17:00.476,1.36284,1.36307,1.00,1.56
2017.08.16 19:17:00.993,1.36283,1.36307,1.00,1.56
2017.08.16 19:17:01.311,1.36282,1.36304,1.25,1.31
2017.08.16 19:17:01.822,1.36281,1.36304,1.25,1.69
2017.08.16 19:17:02.453,1.3628,1.36301,1.69,1.25
2017.08.16 19:17:06.026,1.3628,1.36301,1.25,1.00
2017.08.16 19:17:06.331,1.36275,1.36296,2.25,1.00
2017.08.16 19:17:06.843,1.36275,1.36296,1.50,1.00
2017.08.16 19:17:07.650,1.36276,1.36296,1.00,1.00
2017.08.16 19:17:08.161,1.36275,1.36296,1.50,1.00
2017.08.16 19:17:08.755,1.36276,1.36296,1.00,1.00
2017.08.16 19:17:10.691,1.36275,1.36296,1.69,1.00
2017.08.16 19:17:13.449,1.36276,1.36297,1.00,1.00
2017.08.16 19:17:16.337,1.36277,1.363,1.00,1.37
2017.08.16 19:17:16.388,1.36279,1.36302,1.50,2.06
2017.08.16 19:17:16.646,1.36282,1.36305,2.25,1.12
2017.08.16 19:17:17.173,1.36283,1.36305,1.00,1.00
2017.08.16 19:17:17.763,1.36282,1.36305,3.00,1.00
2017.08.16 19:17:18.357,1.36283,1.36305,1.00,1.00
2017.08.16 19:17:18.871,1.36282,1.36305,3.00,1.00
2017.08.16 19:17:19.666,1.36283,1.36305,1.00,1.00
2017.08.16 19:17:20.572,1.36282,1.36305,3.00,1.00
2017.08.16 19:17:21.121,1.36283,1.36305,1.25,1.00
2017.08.16 19:17:21.636,1.36282,1.36305,3.94,1.00
2017.08.16 19:17:22.405,1.36283,1.36305,1.50,1.25
2017.08.16 19:17:22.913,1.36282,1.36305,3.75,1.00
2017.08.16 19:17:23.806,1.36283,1.36305,1.50,1.25
2017.08.16 19:17:24.314,1.36282,1.36305,3.75,1.00
2017.08.16 19:17:24.922,1.36283,1.36305,1.50,1.25
2017.08.16 19:17:26.761,1.36283,1.36305,1.50,1.25
2017.08.16 19:17:27.287,1.36282,1.36305,3.94,1.00
2017.08.16 19:17:27.851,1.36283,1.36305,1.69,1.25
2017.08.16 19:17:28.574,1.36282,1.36305,3.75,1.00
2017.08.16 19:17:29.347,1.36283,1.36305,1.69,1.31
2017.08.16 19:17:29.898,1.36282,1.36305,3.75,1.00
2017.08.16 19:17:30.435,1.36283,1.36305,1.69,1.31
2017.08.16 19:17:31.027,1.36282,1.36305,3.75,1.00
2017.08.16 19:17:31.760,1.36283,1.36305,1.69,1.31
2017.08.16 19:17:32.072,1.36285,1.36307,1.00,1.12
2017.08.16 19:17:36.081,1.36284,1.36307,1.25,1.00
2017.08.16 19:17:37.738,1.36285,1.36307,1.00,1.00
2017.08.16 19:17:37.789,1.36285,1.36309,1.50,1.31
2017.08.16 19:17:38.909,1.36285,1.36309,3.19,1.56
2017.08.16 19:17:39.460,1.36285,1.36309,3.19,1.56
2017.08.16 19:17:40.013,1.36285,1.36309,1.50,1.31
2017.08.16 19:17:40.564,1.36285,1.36309,3.19,1.56
2017.08.16 19:17:41.117,1.36285,1.36309,2.44,1.31
2017.08.16 19:17:41.904,1.36285,1.36309,1.69,1.56
2017.08.16 19:17:42.804,1.36285,1.36309,2.44,1.31
2017.08.16 19:17:43.419,1.36286,1.36309,1.00,1.31
2017.08.16 19:17:43.470,1.36286,1.36306,1.00,1.00
2017.08.16 19:17:43.974,1.36285,1.36306,2.25,1.00
2017.08.16 19:17:45.295,1.36286,1.36306,1.00,1.00
2017.08.16 19:17:45.953,1.36285,1.36306,2.25,1.00
2017.08.16 19:17:46.497,1.36286,1.36306,1.00,1.00
2017.08.16 19:17:47.011,1.36285,1.36306,2.25,1.00
2017.08.16 19:17:47.425,1.36286,1.36308,1.25,1.00
2017.08.16 19:17:47.955,1.36286,1.36308,1.69,1.25
2017.08.16 19:17:51.178,1.36287,1.36308,1.25,1.31
2017.08.16 19:17:52.813,1.36284,1.36305,1.00,1.00
2017.08.16 19:17:53.016,1.36282,1.36305,3.00,1.31
2017.08.16 19:17:53.443,1.36283,1.36305,1.25,1.56
2017.08.16 19:17:57.178,1.3628,1.36303,2.44,1.25
2017.08.16 19:17:57.695,1.3628,1.36303,1.69,1.31
2017.08.16 19:17:58.249,1.3628,1.36303,1.00,1.25
2017.08.16 19:17:58.801,1.36279,1.36302,2.81,1.00
2017.08.16 19:17:59.402,1.3628,1.36302,1.00,1.25
2017.08.16 19:17:59.926,1.36279,1.36302,2.81,1.00
2017.08.16 19:18:00.499,1.3628,1.36302,1.00,1.25
2017.08.16 19:18:01.456,1.36279,1.36302,2.62,1.00
2017.08.16 19:18:02.033,1.3628,1.36302,1.50,1.25
2017.08.16 19:18:02.534,1.36279,1.36302,4.87,1.00
2017.08.16 19:18:03.936,1.3628,1.36302,1.50,1.25
2017.08.16 19:18:04.461,1.36279,1.36302,5.44,1.00
2017.08.16 19:18:05.072,1.3628,1.36302,1.50,1.25
2017.08.16 19:18:06.163,1.36281,1.36302,1.00,1.25
2017.08.16 19:18:13.526,1.3628,1.36301,1.00,1.00
2017.08.16 19:18:21.171,1.3628,1.36302,1.00,1.00
2017.08.16 19:18:27.496,1.36281,1.36305,1.00,1.87
2017.08.16 19:18:27.598,1.36284,1.36307,1.50,2.25
2017.08.16 19:18:27.699,1.36284,1.36307,1.00,1.00
2017.08.16 19:18:28.594,1.36284,1.36306,1.50,1.00
2017.08.16 19:18:29.500,1.36284,1.36306,1.00,1.31
2017.08.16 19:18:30.022,1.36284,1.36306,1.00,1.25
2017.08.16 19:18:30.682,1.36284,1.36306,1.25,1.31
2017.08.16 19:18:31.235,1.36284,1.36306,1.00,1.25
2017.08.16 19:18:32.151,1.36284,1.36306,1.00,1.31
2017.08.16 19:18:33.316,1.36284,1.36306,1.00,1.25
2017.08.16 19:18:33.941,1.36284,1.36306,1.25,1.31
2017.08.16 19:18:35.166,1.36284,1.36306,1.00,1.25
2017.08.16 19:18:35.831,1.36284,1.36306,1.25,1.31
2017.08.16 19:19:06.262,1.36285,1.36306,1.00,1.00
2017.08.16 19:19:12.858,1.36286,1.36307,1.00,1.00
2017.08.16 19:19:13.607,1.36284,1.36307,2.44,1.00
2017.08.16 19:19:14.448,1.36285,1.36307,1.69,1.00
2017.08.16 19:19:15.139,1.36285,1.36307,1.50,1.31
2017.08.16 19:19:15.751,1.36285,1.36307,1.00,1.25
2017.08.16 19:19:16.552,1.36285,1.36307,1.50,1.31
2017.08.16 19:19:17.078,1.36285,1.36307,1.00,1.25
2017.08.16 19:19:17.630,1.36285,1.36307,1.50,1.56
2017.08.16 19:19:18.293,1.36285,1.36307,1.00,1.31
2017.08.16 19:19:18.863,1.36285,1.36307,1.50,1.56
2017.08.16 19:19:19.886,1.36285,1.36307,1.00,1.31
2017.08.16 19:19:20.038,1.36288,1.36309,1.00,1.12
2017.08.16 19:19:20.345,1.36286,1.36308,1.25,1.00
2017.08.16 19:19:20.447,1.36285,1.36305,1.00,1.00
2017.08.16 19:19:20.924,1.36286,1.3631,1.00,1.31
2017.08.16 19:19:21.435,1.36288,1.36311,1.00,1.56
2017.08.16 19:19:21.971,1.36288,1.36311,1.00,1.56
2017.08.16 19:19:22.522,1.36288,1.36311,1.00,1.25
2017.08.16 19:19:23.032,1.36288,1.36311,1.00,1.56
2017.08.16 19:19:23.669,1.36288,1.36311,1.00,1.31
2017.08.16 19:19:24.248,1.36288,1.36311,1.00,1.56
2017.08.16 19:19:25.006,1.36288,1.36311,1.25,1.31
2017.08.16 19:19:25.561,1.36288,1.36311,1.25,1.56
2017.08.16 19:19:26.115,1.36288,1.36311,1.00,1.31
2017.08.16 19:19:26.669,1.36288,1.36311,1.25,1.56
2017.08.16 19:19:27.218,1.36288,1.36311,1.19,1.56
2017.08.16 19:19:27.795,1.36288,1.36311,1.00,1.31
2017.08.16 19:19:28.645,1.36287,1.36308,2.44,1.00
2017.08.16 19:19:36.805,1.36285,1.36306,1.50,1.00
2017.08.16 19:19:37.109,1.36283,1.36304,1.50,1.19
2017.08.16 19:19:37.743,1.36283,1.36304,1.50,1.25
2017.08.16 19:19:48.103,1.36285,1.36308,1.00,1.31
2017.08.16 19:19:48.154,1.36287,1.36309,1.00,1.12
2017.08.16 19:19:48.205,1.36287,1.3631,1.69,1.31
2017.08.16 19:19:48.773,1.36287,1.3631,1.00,1.00
2017.08.16 19:19:49.420,1.36287,1.3631,1.69,1.19
2017.08.16 19:19:49.942,1.36287,1.3631,1.69,1.19
2017.08.16 19:19:50.544,1.36287,1.3631,1.69,1.19
2017.08.16 19:19:51.046,1.36287,1.3631,1.69,1.19
2017.08.16 19:19:51.351,1.36289,1.3631,1.00,1.25
2017.08.16 19:19:52.140,1.36289,1.3631,1.25,1.19
2017.08.16 19:19:58.030,1.36287,1.36308,1.69,1.00
2017.08.16 19:19:58.132,1.36285,1.36307,1.31,1.00
2017.08.16 19:19:58.302,1.36285,1.36305,1.25,1.00
2017.08.16 19:19:58.353,1.36282,1.36305,4.12,1.00
2017.08.16 19:19:59.002,1.36282,1.36305,2.44,1.19
2017.08.16 19:19:59.511,1.36282,1.36305,2.44,1.25
2017.08.16 19:20:00.169,1.36282,1.36305,1.69,1.25
2017.08.16 19:20:00.838,1.36282,1.36305,2.44,1.25
2017.08.16 19:20:01.390,1.36282,1.36305,1.69,1.25
2017.08.16 19:20:01.930,1.36285,1.36307,1.00,1.25
2017.08.16 19:20:02.540,1.36286,1.36307,1.00,1.00
2017.08.16 19:20:03.053,1.36287,1.36308,1.00,1.00
2017.08.16 19:20:29.891,1.36289,1.3631,1.00,1.00
2017.08.16 19:20:36.457,1.3629,1.36313,1.00,1.25
2017.08.16 19:20:36.958,1.3629,1.36313,1.25,1.31
2017.08.16 19:20:37.461,1.3629,1.36313,1.19,1.31
2017.08.16 19:20:38.013,1.3629,1.36313,1.25,1.31
2017.08.16 19:20:38.568,1.3629,1.36313,1.19,1.31
2017.08.16 19:20:39.158,1.3629,1.36313,1.00,1.25
2017.08.16 19:20:39.674,1.3629,1.36313,1.19,1.31
2017.08.16 19:20:40.224,1.3629,1.36313,1.25,1.31
2017.08.16 19:20:40.779,1.3629,1.36313,1.25,1.25
2017.08.16 19:20:41.461,1.3629,1.36313,1.25,1.56
2017.08.16 19:20:42.118,1.3629,1.36313,1.25,1.31
2017.08.16 19:20:43.023,1.36288,1.3631,3.37,1.00
2017.08.16 19:20:43.731,1.36289,1.3631,1.31,1.00
2017.08.16 19:20:45.270,1.36288,1.3631,3.19,1.00
2017.08.16 19:20:45.787,1.36288,1.3631,3.19,1.00
2017.08.16 19:20:48.673,1.36287,1.3631,3.56,1.00
2017.08.16 19:20:49.195,1.36288,1.3631,1.25,1.19
2017.08.16 19:20:49.738,1.36288,1.3631,1.25,1.25
2017.08.16 19:20:50.078,1.36286,1.36308,1.31,1.00
2017.08.16 19:20:50.732,1.36286,1.36308,2.06,1.00
2017.08.16 19:20:51.273,1.36285,1.36308,3.75,1.00
2017.08.16 19:20:52.307,1.36286,1.36308,1.12,1.19
2017.08.16 19:20:52.973,1.36285,1.36308,3.75,1.25
2017.08.16 19:20:53.529,1.36286,1.36308,1.31,1.19
2017.08.16 19:20:54.190,1.36285,1.36308,3.19,1.25
2017.08.16 19:20:54.743,1.36286,1.36308,1.31,1.19
2017.08.16 19:20:55.295,1.36285,1.36308,3.19,1.25
2017.08.16 19:20:56.116,1.36286,1.36308,1.12,1.19
2017.08.16 19:20:56.625,1.36285,1.36308,3.19,1.25
2017.08.16 19:20:57.177,1.36286,1.36308,1.12,1.19
2017.08.16 19:20:57.948,1.36285,1.36308,3.19,1.25
2017.08.16 19:20:58.613,1.36286,1.36308,1.31,1.19
2017.08.16 19:20:59.169,1.36285,1.36308,3.00,1.25
2017.08.16 19:20:59.694,1.36286,1.36308,1.12,1.19
2017.08.16 19:21:00.406,1.36286,1.36308,1.12,1.25
2017.08.16 19:21:00.934,1.36286,1.36308,1.87,1.19
2017.08.16 19:21:01.801,1.36285,1.36308,2.25,1.25
2017.08.16 19:21:02.592,1.36286,1.36308,1.00,1.31
2017.08.16 19:21:03.147,1.36285,1.36308,2.25,1.25
2017.08.16 19:21:03.721,1.36286,1.36308,1.00,1.31
2017.08.16 19:21:04.252,1.36285,1.36308,2.25,1.25
2017.08.16 19:21:04.600,1.36285,1.36306,1.00,1.25
2017.08.16 19:21:05.197,1.36285,1.36306,1.00,1.19
2017.08.16 19:21:05.723,1.36285,1.36306,1.00,1.25
2017.08.16 19:21:06.231,1.36285,1.36306,1.00,1.19
2017.08.16 19:21:06.879,1.36284,1.36306,1.50,1.00
2017.08.16 19:21:07.561,1.36285,1.36306,1.00,1.19
2017.08.16 19:21:08.111,1.36285,1.36306,1.00,1.25
2017.08.16 19:21:08.617,1.36284,1.36306,1.50,1.00
2017.08.16 19:21:09.216,1.36285,1.36306,1.00,1.25
2017.08.16 19:21:09.772,1.36285,1.36306,1.00,1.19
2017.08.16 19:21:10.326,1.36285,1.36306,1.00,1.25
2017.08.16 19:21:10.878,1.36285,1.36306,1.00,1.19
2017.08.16 19:21:11.432,1.36284,1.36306,1.50,1.00
2017.08.16 19:21:11.978,1.36285,1.36306,1.00,1.25
2017.08.16 19:21:12.539,1.36284,1.36306,1.50,1.00
2017.08.16 19:21:13.349,1.36285,1.36306,1.00,1.19
2017.08.16 19:21:13.938,1.36285,1.36306,1.00,1.25
2017.08.16 19:21:14.525,1.36284,1.36306,1.50,1.00
2017.08.16 19:21:15.189,1.36285,1.36306,1.00,1.25
2017.08.16 19:21:15.743,1.36285,1.36306,1.00,1.19
2017.08.16 19:21:16.319,1.36284,1.36306,1.50,1.00
2017.08.16 19:21:16.851,1.36285,1.36306,1.00,1.19
2017.08.16 19:21:17.403,1.36285,1.36306,1.00,1.25
2017.08.16 19:21:17.944,1.36284,1.36306,1.50,1.00
2017.08.16 19:21:18.630,1.36285,1.36306,1.00,1.19
2017.08.16 19:21:19.174,1.36284,1.36306,1.50,1.00
2017.08.16 19:21:19.838,1.36285,1.36306,1.00,1.25
2017.08.16 19:21:20.342,1.36284,1.36306,1.50,1.00
2017.08.16 19:21:20.443,1.36285,1.36308,1.00,1.00
2017.08.16 19:21:21.358,1.36285,1.36308,1.25,1.31
2017.08.16 19:21:21.756,1.36283,1.36306,3.56,1.25
2017.08.16 19:21:22.593,1.36284,1.36306,1.25,1.19
2017.08.16 19:21:23.768,1.36284,1.36306,1.25,1.25
2017.08.16 19:21:24.523,1.36284,1.36306,1.25,1.19
2017.08.16 19:21:35.394,1.36284,1.36306,1.00,1.25
2017.08.16 19:21:36.625,1.36284,1.36306,1.69,1.19
2017.08.16 19:21:39.904,1.36285,1.36306,1.50,1.00
2017.08.16 19:21:40.747,1.36284,1.36306,2.25,1.00
2017.08.16 19:21:41.634,1.36285,1.36306,1.50,1.00
2017.08.16 19:21:42.697,1.36284,1.36306,2.25,1.00
2017.08.16 19:21:44.291,1.36285,1.36306,1.50,1.00
2017.08.16 19:21:44.908,1.36284,1.36306,3.00,1.00
2017.08.16 19:21:45.464,1.36285,1.36306,1.50,1.00
2017.08.16 19:21:46.237,1.36284,1.36306,3.00,1.00
2017.08.16 19:21:46.901,1.36285,1.36306,1.50,1.00
2017.08.16 19:21:47.673,1.36284,1.36306,3.00,1.00
2017.08.16 19:21:48.341,1.36285,1.36306,1.50,1.00
2017.08.16 19:21:49.516,1.36289,1.3631,1.00,1.19
2017.08.16 19:21:49.669,1.36289,1.36311,1.00,1.31
2017.08.16 19:21:49.778,1.36287,1.36308,2.25,1.00
2017.08.16 19:21:50.442,1.36288,1.36308,1.00,1.00
2017.08.16 19:21:51.214,1.36287,1.36308,2.25,1.00
2017.08.16 19:21:51.768,1.36288,1.36308,1.00,1.00
2017.08.16 19:21:52.289,1.36287,1.36308,2.25,1.00
2017.08.16 19:21:52.813,1.36288,1.36308,1.00,1.00
2017.08.16 19:21:53.424,1.36287,1.36308,2.25,1.00
2017.08.16 19:21:54.139,1.36288,1.36308,1.00,1.00
2017.08.16 19:21:55.790,1.36287,1.36308,2.25,1.00
2017.08.16 19:21:56.451,1.36288,1.36308,1.00,1.00
2017.08.16 19:21:57.028,1.36287,1.36308,2.25,1.00
2017.08.16 19:21:58.291,1.36288,1.36308,1.00,1.00
2017.08.16 19:21:58.947,1.36288,1.36309,1.00,1.00
2017.08.16 19:21:59.754,1.36287,1.36309,2.25,1.00
2017.08.16 19:22:00.293,1.36288,1.36309,1.00,1.00
2017.08.16 19:22:00.946,1.36287,1.36309,2.25,1.00
2017.08.16 19:22:01.526,1.36288,1.36309,1.00,1.00
2017.08.16 19:22:02.064,1.36287,1.36309,2.25,1.00
2017.08.16 19:22:02.725,1.36288,1.36309,1.00,1.00
2017.08.16 19:22:03.355,1.36287,1.36309,2.25,1.00
2017.08.16 19:22:03.892,1.36288,1.36309,1.00,1.00
2017.08.16 19:22:04.727,1.36287,1.36309,2.25,1.00
2017.08.16 19:22:05.590,1.36288,1.36309,1.00,1.00
2017.08.16 19:22:06.256,1.36287,1.36309,2.25,1.00
2017.08.16 19:22:06.921,1.36288,1.36309,1.00,1.00
2017.08.16 19:22:07.582,1.36287,1.36309,2.25,1.00
2017.08.16 19:22:08.243,1.36288,1.36309,1.00,1.00
2017.08.16 19:22:08.798,1.36287,1.36309,2.25,1.00
2017.08.16 19:22:09.459,1.36288,1.36309,1.00,1.00
2017.08.16 19:22:10.015,1.36287,1.36309,2.25,1.00
2017.08.16 19:22:10.566,1.36288,1.36309,1.00,1.00
2017.08.16 19:22:11.560,1.36287,1.36309,2.25,1.00
2017.08.16 19:22:12.116,1.36288,1.36309,1.00,1.00
2017.08.16 19:22:12.625,1.36287,1.36309,2.25,1.00
2017.08.16 19:22:13.550,1.36288,1.36309,1.00,1.00
2017.08.16 19:22:14.324,1.36287,1.36309,2.25,1.00
2017.08.16 19:22:14.878,1.36288,1.36309,1.00,1.00
2017.08.16 19:22:15.763,1.36287,1.36309,2.25,1.00
2017.08.16 19:22:16.319,1.36288,1.36309,1.00,1.00
2017.08.16 19:22:16.901,1.36287,1.36309,2.25,1.00
2017.08.16 19:22:17.532,1.36287,1.36309,1.69,1.19
2017.08.16 19:22:18.232,1.36287,1.36309,1.00,1.25
2017.08.16 19:22:18.778,1.36287,1.36309,1.50,1.19
2017.08.16 19:22:19.415,1.36287,1.36309,1.00,1.25
2017.08.16 19:22:20.186,1.36287,1.36309,1.69,1.19
2017.08.16 19:22:20.695,1.36287,1.36309,1.00,1.25
2017.08.16 19:22:21.234,1.36287,1.36309,1.50,1.19
2017.08.16 19:22:21.848,1.36287,1.3631,1.69,1.31
2017.08.16 19:22:25.830,1.36286,1.36307,1.31,1.00
2017.08.16 19:22:25.881,1.36284,1.36305,2.44,1.00
2017.08.16 19:22:26.388,1.36284,1.36305,1.00,1.00
2017.08.16 19:22:31.210,1.36284,1.36305,1.50,1.19
2017.08.16 19:22:31.866,1.36284,1.36305,1.00,1.25
2017.08.16 19:22:32.684,1.36284,1.36305,1.50,1.19
2017.08.16 19:22:33.229,1.36284,1.36305,1.00,1.25
2017.08.16 19:22:33.280,1.36282,1.36304,1.00,1.25
2017.08.16 19:22:33.916,1.36281,1.36304,1.69,1.19
2017.08.16 19:22:34.381,1.36279,1.36302,1.25,1.00
2017.08.16 19:22:34.584,1.36279,1.36302,1.25,1.69
2017.08.16 19:22:34.889,1.36274,1.36297,1.31,2.06
2017.08.16 19:22:35.266,1.36276,1.36294,1.00,1.00
2017.08.16 19:22:35.367,1.36276,1.36297,1.00,1.31
2017.08.16 19:22:36.172,1.36276,1.36296,1.00,1.00
2017.08.16 19:22:37.865,1.36275,1.36295,1.00,1.50
2017.08.16 19:22:37.916,1.36274,1.36292,1.00,1.00
2017.08.16 19:22:38.422,1.36273,1.36292,1.50,1.00
2017.08.16 19:22:39.289,1.36272,1.36292,1.50,1.50
2017.08.16 19:22:39.809,1.36272,1.36291,2.25,1.00
2017.08.16 19:22:40.335,1.36272,1.3629,1.00,1.69
2017.08.16 19:22:40.867,1.36271,1.36289,1.50,1.00
2017.08.16 19:22:41.824,1.36271,1.3629,1.00,1.50
2017.08.16 19:22:42.995,1.36271,1.36289,1.50,1.00
2017.08.16 19:22:43.543,1.36271,1.3629,1.50,1.50
2017.08.16 19:22:44.228,1.36271,1.36291,1.00,1.00
2017.08.16 19:22:44.926,1.36271,1.3629,1.50,1.00
2017.08.16 19:22:45.730,1.36271,1.36291,1.00,1.00
2017.08.16 19:22:46.712,1.36271,1.3629,1.50,1.00
2017.08.16 19:22:47.314,1.36271,1.36291,1.00,1.00
2017.08.16 19:22:47.830,1.36271,1.3629,1.50,1.00
2017.08.16 19:22:48.386,1.36271,1.36291,1.00,1.00
2017.08.16 19:22:48.932,1.36271,1.3629,1.50,1.00
2017.08.16 19:22:49.481,1.36271,1.36291,1.00,1.00
2017.08.16 19:22:50.428,1.36271,1.3629,1.50,1.00
2017.08.16 19:22:51.081,1.36271,1.36291,1.00,1.00
2017.08.16 19:22:51.591,1.36271,1.3629,1.50,1.00
2017.08.16 19:22:52.134,1.36273,1.36295,1.00,1.00
2017.08.16 19:22:52.186,1.36275,1.36295,1.00,1.00
2017.08.16 19:22:59.114,1.36275,1.36293,1.00,1.00
2017.08.16 19:23:06.248,1.36274,1.36293,2.25,1.00
2017.08.16 19:23:06.552,1.36276,1.36293,1.00,1.00
2017.08.16 19:23:06.755,1.36276,1.36295,1.00,1.00
2017.08.16 19:23:07.259,1.36275,1.36295,1.00,1.00
2017.08.16 19:23:07.917,1.36276,1.36295,1.00,1.00
2017.08.16 19:23:08.563,1.36275,1.36295,1.00,1.00
2017.08.16 19:23:09.396,1.36276,1.36295,1.00,1.00
2017.08.16 19:23:10.007,1.36275,1.36295,1.00,1.00
2017.08.16 19:23:10.702,1.36276,1.36295,1.00,1.00
2017.08.16 19:23:11.205,1.36275,1.36295,1.00,1.00
2017.08.16 19:23:11.831,1.36276,1.36295,1.00,1.00
2017.08.16 19:23:12.477,1.36275,1.36295,1.00,1.00
2017.08.16 19:23:13.309,1.36276,1.36295,1.00,1.00
2017.08.16 19:23:13.929,1.36275,1.36295,1.00,1.00
2017.08.16 19:23:14.454,1.36276,1.36295,1.00,1.00
2017.08.16 19:23:15.349,1.36275,1.36295,1.00,1.00
2017.08.16 19:23:16.384,1.36276,1.36295,1.00,1.00
2017.08.16 19:23:16.889,1.36275,1.36295,1.00,1.00
2017.08.16 19:23:17.459,1.36276,1.36295,1.00,1.00
2017.08.16 19:23:18.014,1.36275,1.36295,1.00,1.00
2017.08.16 19:23:18.541,1.36276,1.36295,1.00,1.00
2017.08.16 19:23:19.149,1.36275,1.36295,1.00,1.00
2017.08.16 19:23:19.779,1.36276,1.36295,1.00,1.00
2017.08.16 19:23:20.473,1.36275,1.36295,1.00,1.00
2017.08.16 19:23:21.027,1.36276,1.36295,1.00,1.00
2017.08.16 19:23:21.696,1.36275,1.36295,1.00,1.00
2017.08.16 19:23:22.223,1.36276,1.36295,1.00,1.00
2017.08.16 19:23:22.748,1.36275,1.36295,2.25,1.00
2017.08.16 19:23:23.289,1.36276,1.36295,1.00,1.00
2017.08.16 19:23:35.790,1.36278,1.36298,1.00,1.00
2017.08.16 19:23:37.254,1.36278,1.36297,1.69,1.00
2017.08.16 19:23:37.805,1.36278,1.36298,1.00,1.50
2017.08.16 19:23:38.357,1.36278,1.36297,1.50,1.00
2017.08.16 19:23:39.022,1.36278,1.36298,1.00,1.50
2017.08.16 19:23:39.794,1.36278,1.36297,1.50,1.00
2017.08.16 19:23:40.057,1.36277,1.36294,1.00,1.00
2017.08.16 19:23:45.697,1.36276,1.36294,1.00,1.00
2017.08.16 19:23:47.258,1.36276,1.36297,1.50,1.50
2017.08.16 19:23:50.641,1.36277,1.36297,1.00,2.25
2017.08.16 19:23:55.283,1.36276,1.36295,1.00,1.00
2017.08.16 19:23:55.609,1.36274,1.36293,1.50,1.50
2017.08.16 19:23:56.003,1.36273,1.36291,1.00,1.25
2017.08.16 19:23:56.257,1.36273,1.36293,1.00,1.31
2017.08.16 19:23:57.319,1.36273,1.36295,1.00,1.31
2017.08.16 19:23:57.884,1.36272,1.36295,3.19,1.25
2017.08.16 19:23:58.414,1.36273,1.36295,1.00,1.31
2017.08.16 19:23:59.299,1.36272,1.36294,2.25,1.00
2017.08.16 19:23:59.854,1.36273,1.36294,1.00,1.25
2017.08.16 19:24:14.928,1.36274,1.36294,1.50,1.00
2017.08.16 19:24:21.903,1.36274,1.36293,1.50,1.00
2017.08.16 19:24:37.615,1.36273,1.36293,1.00,1.31
2017.08.16 19:24:38.138,1.36274,1.36293,1.00,1.12
2017.08.16 19:24:38.812,1.36273,1.36293,1.00,2.44
2017.08.16 19:24:39.384,1.36272,1.36293,1.50,1.69
2017.08.16 19:24:39.906,1.36273,1.36293,1.00,2.44
2017.08.16 19:24:40.461,1.36272,1.36293,1.50,1.69
2017.08.16 19:24:41.011,1.36273,1.36293,1.00,2.44
2017.08.16 19:24:41.566,1.36272,1.36293,1.50,1.69
2017.08.16 19:24:42.338,1.36273,1.36293,1.00,2.44
2017.08.16 19:24:42.893,1.36272,1.36293,1.50,1.69
2017.08.16 19:24:43.558,1.36273,1.36293,1.00,2.44
2017.08.16 19:24:44.108,1.36272,1.36293,1.50,1.69
2017.08.16 19:24:44.663,1.36273,1.36293,1.00,2.44
2017.08.16 19:24:45.434,1.36272,1.36293,1.50,1.69
2017.08.16 19:24:46.209,1.36273,1.36293,1.00,2.44
2017.08.16 19:24:46.758,1.36272,1.36293,1.50,1.69
2017.08.16 19:24:47.315,1.36273,1.36293,1.00,2.44
2017.08.16 19:24:47.980,1.36272,1.36293,1.50,1.69
2017.08.16 19:24:48.535,1.36273,1.36293,1.00,2.44
2017.08.16 19:24:49.195,1.36272,1.36293,1.50,1.69
2017.08.16 19:24:49.860,1.36273,1.36293,1.00,2.44
2017.08.16 19:24:50.157,1.36271,1.36293,2.25,1.69
2017.08.16 19:24:50.665,1.36272,1.36293,1.00,2.44
2017.08.16 19:24:51.437,1.36271,1.36293,2.25,1.69
2017.08.16 19:24:51.980,1.36271,1.36291,2.25,1.00
2017.08.16 19:24:52.546,1.36272,1.36291,1.00,1.25
2017.08.16 19:24:53.099,1.36271,1.36291,2.25,1.00
2017.08.16 19:24:53.650,1.36272,1.36291,1.00,1.25
2017.08.16 19:24:54.201,1.36271,1.36291,2.25,1.00
2017.08.16 19:24:54.865,1.36272,1.36291,1.00,1.25
2017.08.16 19:24:55.421,1.36271,1.36291,2.25,1.00
2017.08.16 19:24:56.221,1.36272,1.36291,1.00,1.25
2017.08.16 19:24:56.747,1.36271,1.36291,2.25,1.00
2017.08.16 19:24:57.407,1.36272,1.36291,1.00,1.25
2017.08.16 19:24:58.628,1.36271,1.36291,2.25,1.00
2017.08.16 19:24:59.509,1.36272,1.36291,1.00,1.25
2017.08.16 19:25:00.062,1.36271,1.36291,2.25,1.00
2017.08.16 19:25:00.619,1.36272,1.36291,1.00,1.00
2017.08.16 19:25:01.168,1.36271,1.36291,2.25,1.00
2017.08.16 19:25:01.713,1.36272,1.36291,1.00,1.00
2017.08.16 19:25:02.265,1.36271,1.36291,2.25,1.00
2017.08.16 19:25:02.821,1.36272,1.36291,1.00,1.00
2017.08.16 19:25:03.482,1.36271,1.36291,2.25,1.00
2017.08.16 19:25:04.146,1.36272,1.36291,1.00,1.00
2017.08.16 19:25:04.701,1.36271,1.36291,2.25,1.00
2017.08.16 19:25:05.290,1.36272,1.36291,1.50,1.00
2017.08.16 19:25:18.001,1.36271,1.36291,1.50,1.00
2017.08.16 19:25:18.858,1.36272,1.36291,1.00,1.00
2017.08.16 19:25:19.407,1.36271,1.36291,1.50,1.00
2017.08.16 19:25:20.674,1.36271,1.3629,1.50,1.00
2017.08.16 19:25:21.086,1.36271,1.36289,1.00,1.31
2017.08.16 19:25:21.867,1.36271,1.36289,1.00,1.00
2017.08.16 19:25:22.027,1.36271,1.36291,1.00,1.95
2017.08.16 19:25:22.607,1.36271,1.3629,1.00,1.00
2017.08.16 19:25:23.247,1.36271,1.36291,1.00,1.57
2017.08.16 19:25:23.820,1.36271,1.3629,1.00,1.00
2017.08.16 19:25:24.381,1.36271,1.36291,1.00,1.57
2017.08.16 19:25:24.926,1.36271,1.3629,1.00,1.00
2017.08.16 19:25:25.811,1.36271,1.36291,1.00,1.57
2017.08.16 19:25:26.364,1.36271,1.3629,1.00,1.00
2017.08.16 19:25:26.919,1.36271,1.36291,1.00,1.57
2017.08.16 19:25:27.581,1.36271,1.3629,1.00,1.00
2017.08.16 19:25:28.248,1.36271,1.36291,1.00,1.57
2017.08.16 19:25:28.908,1.36271,1.3629,1.00,1.00
2017.08.16 19:25:29.796,1.36271,1.36291,1.00,1.10
2017.08.16 19:25:30.344,1.36271,1.3629,1.00,1.00
2017.08.16 19:25:30.848,1.36271,1.36291,1.00,1.76
2017.08.16 19:25:31.397,1.36271,1.3629,1.00,1.00
2017.08.16 19:25:32.048,1.36271,1.36291,1.00,1.10
2017.08.16 19:25:32.779,1.36271,1.3629,1.00,1.00
2017.08.16 19:25:33.555,1.36271,1.36291,1.00,1.10
2017.08.16 19:25:34.108,1.36271,1.3629,1.00,1.00
2017.08.16 19:25:34.660,1.36271,1.36291,1.00,1.10
2017.08.16 19:25:35.213,1.36271,1.3629,1.00,1.00
2017.08.16 19:25:35.764,1.36271,1.36291,1.00,1.10
2017.08.16 19:25:36.584,1.36271,1.3629,1.00,1.00
2017.08.16 19:25:37.120,1.3627,1.36291,1.00,1.10
2017.08.16 19:25:37.757,1.3627,1.3629,1.50,1.00
2017.08.16 19:25:38.309,1.3627,1.36291,1.00,1.10
2017.08.16 19:25:38.846,1.3627,1.3629,1.50,1.00
2017.08.16 19:25:39.416,1.3627,1.36291,1.00,1.10
2017.08.16 19:25:40.081,1.3627,1.3629,1.50,1.00
2017.08.16 19:25:40.591,1.36269,1.36289,1.50,1.87
2017.08.16 19:25:44.387,1.36269,1.3629,1.00,1.12
2017.08.16 19:25:45.057,1.36269,1.36289,1.50,1.00
2017.08.16 19:25:45.599,1.36269,1.3629,1.00,1.00
2017.08.16 19:25:46.196,1.36269,1.36289,1.00,1.00
2017.08.16 19:25:46.766,1.36269,1.3629,1.00,1.00
2017.08.16 19:25:47.278,1.36269,1.36289,1.00,1.00
2017.08.16 19:25:47.970,1.36269,1.3629,1.00,1.00
2017.08.16 19:25:48.486,1.36269,1.36289,1.00,1.00
2017.08.16 19:25:49.035,1.36269,1.3629,1.00,1.00
2017.08.16 19:25:49.583,1.36269,1.36289,1.00,1.00
2017.08.16 19:25:50.313,1.36269,1.36288,1.00,1.00
2017.08.16 19:25:50.979,1.36269,1.36289,1.00,1.00
2017.08.16 19:25:51.566,1.36269,1.36288,1.00,1.00
2017.08.16 19:25:52.073,1.36269,1.36289,1.00,1.00
2017.08.16 19:25:52.747,1.36269,1.36288,1.00,1.00
2017.08.16 19:25:53.547,1.36269,1.36289,1.00,1.00
2017.08.16 19:25:54.295,1.36269,1.36288,1.00,1.00
2017.08.16 19:25:54.913,1.36269,1.36289,1.00,1.00
2017.08.16 19:25:55.341,1.36269,1.36287,1.00,1.00
2017.08.16 19:25:55.860,1.36268,1.36286,1.00,1.00
2017.08.16 19:25:56.621,1.36268,1.36287,1.00,1.00
2017.08.16 19:25:57.135,1.36267,1.36286,1.00,1.69
2017.08.16 19:25:59.904,1.36266,1.36285,1.00,1.00
2017.08.16 19:26:00.245,1.36266,1.36287,1.00,1.87
2017.08.16 19:26:00.853,1.36266,1.36286,1.50,1.00
2017.08.16 19:26:01.390,1.36266,1.36287,1.00,1.50
2017.08.16 19:26:01.896,1.36265,1.36285,1.00,1.00
2017.08.16 19:26:04.887,1.36265,1.36285,2.25,2.06
2017.08.16 19:26:05.191,1.36263,1.36282,1.00,1.00
2017.08.16 19:26:05.976,1.36263,1.36284,1.50,1.12
2017.08.16 19:26:06.517,1.36263,1.36284,1.00,2.06
2017.08.16 19:26:07.047,1.36262,1.36284,2.25,1.25
2017.08.16 19:26:07.103,1.36262,1.36282,2.25,1.00
2017.08.16 19:26:07.840,1.36263,1.36282,1.00,1.00
2017.08.16 19:26:08.507,1.36262,1.36282,2.25,1.00
2017.08.16 19:26:09.035,1.36263,1.36282,1.00,1.00
2017.08.16 19:26:09.563,1.36262,1.36282,2.25,1.00
2017.08.16 19:26:14.576,1.36262,1.36284,1.50,1.25
2017.08.16 19:26:15.167,1.36262,1.36284,2.25,1.31
2017.08.16 19:26:15.724,1.36262,1.36284,1.50,1.25
2017.08.16 19:26:16.277,1.36262,1.36284,2.25,1.31
2017.08.16 19:26:16.885,1.36262,1.36284,1.50,1.25
2017.08.16 19:26:17.603,1.36262,1.36284,2.25,1.56
2017.08.16 19:26:18.154,1.36262,1.36284,1.50,1.31
2017.08.16 19:26:18.842,1.36262,1.36284,2.25,1.56
2017.08.16 19:26:19.384,1.36262,1.36284,1.50,1.31
2017.08.16 19:26:19.936,1.36262,1.36284,2.25,1.56
2017.08.16 19:26:20.486,1.36262,1.36284,1.50,2.06
2017.08.16 19:26:21.039,1.36262,1.36283,2.25,1.31
2017.08.16 19:26:21.647,1.36262,1.36284,1.50,2.06
2017.08.16 19:26:22.227,1.36262,1.36283,2.25,1.31
2017.08.16 19:26:34.248,1.36263,1.36283,1.00,1.00
2017.08.16 19:26:37.224,1.36263,1.36284,1.00,1.25
2017.08.16 19:26:38.059,1.36263,1.36284,1.00,2.06
2017.08.16 19:26:38.564,1.36263,1.36284,1.00,1.25
2017.08.16 19:26:39.129,1.36263,1.36284,1.00,2.06
2017.08.16 19:26:39.730,1.36263,1.36284,1.00,1.00
2017.08.16 19:26:47.024,1.36263,1.36282,1.00,1.00
2017.08.16 19:26:48.759,1.36262,1.36282,3.19,1.00
2017.08.16 19:26:51.539,1.36262,1.36282,1.50,3.19
2017.08.16 19:26:52.632,1.36262,1.36282,1.00,3.19
2017.08.16 19:26:53.163,1.36262,1.36281,1.50,1.31
2017.08.16 19:26:53.735,1.36262,1.36282,1.00,3.19
2017.08.16 19:26:54.873,1.36262,1.36281,1.50,1.31
2017.08.16 19:26:55.396,1.36262,1.36282,1.00,3.19
2017.08.16 19:26:55.946,1.36262,1.36281,1.50,1.31
2017.08.16 19:26:56.514,1.36262,1.36282,1.00,3.19
2017.08.16 19:26:57.505,1.36262,1.36281,1.50,1.31
2017.08.16 19:26:58.272,1.36262,1.36282,1.00,3.19
2017.08.16 19:26:58.929,1.36262,1.36281,1.50,1.31
2017.08.16 19:26:59.434,1.36262,1.36282,1.00,3.19
2017.08.16 19:27:00.148,1.36262,1.36281,1.50,1.31
2017.08.16 19:27:00.703,1.36262,1.36282,1.00,3.19
2017.08.16 19:27:01.258,1.36262,1.36281,1.50,1.31
2017.08.16 19:27:01.810,1.36262,1.36282,1.00,3.19
2017.08.16 19:27:02.361,1.36262,1.36281,1.50,1.31
2017.08.16 19:27:02.916,1.36262,1.36282,1.00,3.19
2017.08.16 19:27:03.468,1.36262,1.36281,1.50,1.31
2017.08.16 19:27:04.351,1.36262,1.36282,1.00,3.19
2017.08.16 19:27:05.171,1.36262,1.36281,1.50,1.31
2017.08.16 19:27:05.679,1.36262,1.36282,1.00,3.19
2017.08.16 19:27:06.213,1.36262,1.36281,1.50,1.31
2017.08.16 19:27:06.314,1.3626,1.36282,1.50,1.87
2017.08.16 19:27:07.101,1.3626,1.36282,2.25,2.44
2017.08.16 19:27:07.676,1.36261,1.36281,1.00,1.00
2017.08.16 19:27:08.980,1.36262,1.36281,1.00,1.00
2017.08.16 19:27:14.168,1.36261,1.36281,2.25,1.00
2017.08.16 19:27:14.677,1.36261,1.36282,2.25,1.50
2017.08.16 19:27:15.799,1.36262,1.36282,1.00,2.25
2017.08.16 19:27:16.338,1.36261,1.36282,2.25,1.50
2017.08.16 19:27:17.001,1.36262,1.36282,1.00,2.25
2017.08.16 19:27:17.556,1.36261,1.36282,2.25,1.50
2017.08.16 19:27:18.111,1.36262,1.36282,1.00,2.25
2017.08.16 19:27:18.772,1.36261,1.36282,2.25,1.50
2017.08.16 19:27:19.322,1.36262,1.36282,1.00,2.25
2017.08.16 19:27:20.098,1.36261,1.36282,2.25,1.50
2017.08.16 19:27:37.738,1.36262,1.36282,1.00,2.25
2017.08.16 19:27:38.277,1.36261,1.36282,2.25,1.50
2017.08.16 19:27:38.785,1.36262,1.36283,3.19,1.50
2017.08.16 19:27:40.467,1.36263,1.36283,1.00,1.50
2017.08.16 19:27:45.442,1.36263,1.36284,3.75,1.00
2017.08.16 19:27:45.767,1.36265,1.36284,1.00,1.00
2017.08.16 19:27:46.278,1.36264,1.36284,2.25,1.00
2017.08.16 19:27:46.805,1.36265,1.36284,1.50,1.00
2017.08.16 19:27:48.177,1.36264,1.36284,2.25,1.00
2017.08.16 19:27:48.780,1.36265,1.36284,1.50,1.00
2017.08.16 19:27:49.495,1.36264,1.36284,2.25,1.00
2017.08.16 19:27:50.288,1.36265,1.36284,1.50,1.00
2017.08.16 19:27:50.843,1.36264,1.36284,2.25,1.00
2017.08.16 19:27:51.476,1.36265,1.36284,1.50,1.00
2017.08.16 19:27:52.039,1.36264,1.36284,2.25,1.00
2017.08.16 19:27:52.985,1.36265,1.36284,1.50,1.00
2017.08.16 19:27:53.600,1.36264,1.36284,2.25,1.00
2017.08.16 19:27:54.149,1.36265,1.36284,1.50,1.00
2017.08.16 19:27:54.706,1.36264,1.36284,2.25,1.00
2017.08.16 19:27:55.399,1.36265,1.36284,1.50,1.00
2017.08.16 19:27:56.002,1.36264,1.36284,2.25,1.00
2017.08.16 19:27:57.248,1.36265,1.36284,1.50,1.00
2017.08.16 19:27:57.768,1.36264,1.36284,2.25,1.00
2017.08.16 19:27:58.303,1.36265,1.36284,1.50,1.00
2017.08.16 19:27:59.186,1.36264,1.36284,2.25,1.00
2017.08.16 19:27:59.699,1.36265,1.36284,1.50,1.00
2017.08.16 19:28:00.343,1.36264,1.36284,2.25,1.00
2017.08.16 19:28:00.956,1.36265,1.36284,1.50,1.00
2017.08.16 19:28:01.798,1.36264,1.36284,2.25,1.00
2017.08.16 19:28:02.404,1.36265,1.36284,1.50,1.00
2017.08.16 19:28:02.959,1.36264,1.36284,2.25,1.00
2017.08.16 19:28:03.630,1.36265,1.36284,1.50,1.00
2017.08.16 19:28:04.176,1.36264,1.36284,2.25,1.00
2017.08.16 19:28:04.716,1.36265,1.36284,1.50,1.00
2017.08.16 19:28:05.534,1.36264,1.36284,2.25,1.00
2017.08.16 19:28:06.084,1.36265,1.36284,1.50,1.00
2017.08.16 19:28:06.607,1.36264,1.36284,2.25,1.00
2017.08.16 19:28:07.343,1.36264,1.36285,2.25,1.00
2017.08.16 19:28:07.945,1.36265,1.36285,1.50,1.00
2017.08.16 19:28:08.596,1.36264,1.36285,2.25,1.00
2017.08.16 19:28:09.151,1.36265,1.36285,1.50,1.00
2017.08.16 19:28:09.669,1.36264,1.36285,2.25,1.00
2017.08.16 19:28:10.255,1.36265,1.36285,1.50,1.00
2017.08.16 19:28:10.811,1.36264,1.36285,2.25,1.00
2017.08.16 19:28:11.321,1.36265,1.36285,1.50,1.00
2017.08.16 19:28:11.916,1.36264,1.36285,2.25,1.00
2017.08.16 19:28:12.691,1.36265,1.36285,1.50,1.00
2017.08.16 19:28:13.613,1.36264,1.36285,2.25,1.00
2017.08.16 19:28:14.458,1.36265,1.36285,1.50,1.00
2017.08.16 19:28:15.012,1.36264,1.36285,2.25,1.00
2017.08.16 19:28:15.673,1.36265,1.36285,1.50,1.00
2017.08.16 19:28:16.456,1.36264,1.36285,1.50,1.00
2017.08.16 19:28:17.173,1.36265,1.36285,1.50,1.00
2017.08.16 19:28:17.723,1.36264,1.36285,1.50,1.00
2017.08.16 19:28:18.388,1.36265,1.36285,1.50,1.00
2017.08.16 19:28:18.943,1.36264,1.36285,1.50,1.00
2017.08.16 19:28:19.938,1.36265,1.36285,1.50,1.00
2017.08.16 19:28:20.823,1.36264,1.36285,1.50,1.00
2017.08.16 19:28:21.553,1.36265,1.36285,1.50,1.00
2017.08.16 19:28:22.219,1.36264,1.36285,1.50,1.00
2017.08.16 19:28:22.725,1.36265,1.36285,1.50,1.00
2017.08.16 19:28:23.354,1.36264,1.36285,1.50,1.00
2017.08.16 19:28:23.919,1.36265,1.36285,1.50,1.00
2017.08.16 19:28:24.480,1.36264,1.36285,1.50,1.00
2017.08.16 19:28:25.026,1.36265,1.36285,1.50,1.00
2017.08.16 19:28:25.890,1.36264,1.36285,1.50,1.00
2017.08.16 19:28:26.441,1.36265,1.36285,1.50,1.00
2017.08.16 19:28:26.992,1.36264,1.36285,1.50,1.00
2017.08.16 19:28:27.882,1.36265,1.36285,1.50,1.00
2017.08.16 19:28:28.593,1.36264,1.36285,1.50,1.00
2017.08.16 19:28:29.305,1.36265,1.36285,1.50,1.00
2017.08.16 19:28:29.861,1.36264,1.36285,1.50,1.00
2017.08.16 19:28:30.366,1.36265,1.36285,1.50,1.00
2017.08.16 19:28:30.944,1.36264,1.36285,1.50,1.00
2017.08.16 19:28:31.498,1.36265,1.36285,1.50,1.00
2017.08.16 19:28:32.048,1.36264,1.36285,1.50,1.00
2017.08.16 19:28:32.626,1.36265,1.36285,1.50,1.00
2017.08.16 19:28:33.188,1.36264,1.36285,1.50,1.50
2017.08.16 19:28:33.911,1.36265,1.36285,1.50,1.50
2017.08.16 19:28:34.747,1.36264,1.36285,1.50,1.50
2017.08.16 19:28:35.680,1.36265,1.36285,1.50,1.50
2017.08.16 19:28:36.236,1.36264,1.36285,1.50,1.50
2017.08.16 19:28:36.895,1.36265,1.36285,1.50,1.50
2017.08.16 19:28:37.448,1.36264,1.36285,1.50,1.50
2017.08.16 19:28:38.065,1.36265,1.36285,1.50,1.50
2017.08.16 19:28:38.785,1.36264,1.36285,1.50,1.50
2017.08.16 19:28:39.348,1.36265,1.36285,1.50,1.50
2017.08.16 19:28:40.271,1.36264,1.36285,1.50,1.50
2017.08.16 19:28:40.776,1.36265,1.36285,1.50,1.50
2017.08.16 19:28:41.444,1.36264,1.36285,1.50,1.50
2017.08.16 19:28:42.103,1.36265,1.36285,1.50,1.50
2017.08.16 19:28:42.656,1.36264,1.36285,1.50,1.50
2017.08.16 19:28:43.204,1.36265,1.36285,1.00,2.81
2017.08.16 19:28:44.256,1.36263,1.36285,1.00,2.06
2017.08.16 19:28:44.761,1.36264,1.36283,1.00,1.00
2017.08.16 19:28:45.340,1.36263,1.36283,1.50,1.00
2017.08.16 19:28:45.886,1.36264,1.36283,1.50,1.00
2017.08.16 19:28:49.102,1.36265,1.36283,1.00,1.00
2017.08.16 19:28:49.782,1.36264,1.36283,1.50,1.00
2017.08.16 19:28:51.061,1.36265,1.36283,1.00,1.00
2017.08.16 19:28:52.484,1.36264,1.36283,1.50,1.00
2017.08.16 19:28:53.156,1.36265,1.36283,1.00,1.00
2017.08.16 19:28:53.887,1.36264,1.36283,1.50,1.00
2017.08.16 19:28:54.429,1.36265,1.36283,1.00,1.00
2017.08.16 19:28:54.992,1.36264,1.36283,1.50,1.00
2017.08.16 19:28:55.658,1.36265,1.36283,1.00,1.00
2017.08.16 19:28:56.655,1.36264,1.36283,1.50,1.00
2017.08.16 19:28:57.159,1.36265,1.36283,1.00,1.00
2017.08.16 19:28:57.759,1.36264,1.36283,1.50,1.00
2017.08.16 19:28:58.314,1.36265,1.36283,1.00,1.00
2017.08.16 19:28:58.960,1.36264,1.36283,1.50,1.00
2017.08.16 19:28:59.472,1.36265,1.36283,1.00,1.00
2017.08.16 19:28:59.975,1.36264,1.36283,1.50,1.00
2017.08.16 19:29:00.887,1.36265,1.36283,1.00,1.00
2017.08.16 19:29:01.608,1.36264,1.36283,1.50,1.00
2017.08.16 19:29:02.206,1.36265,1.36283,1.00,1.00
2017.08.16 19:29:02.725,1.36264,1.36283,1.50,1.00
2017.08.16 19:29:03.281,1.36265,1.36283,1.00,1.00
2017.08.16 19:29:04.054,1.36264,1.36283,1.50,1.00
2017.08.16 19:29:04.715,1.36265,1.36283,1.00,1.00
2017.08.16 19:29:05.269,1.36264,1.36283,1.50,1.00
2017.08.16 19:29:05.787,1.36265,1.36283,1.00,1.00
2017.08.16 19:29:06.634,1.36264,1.36283,1.50,1.00
2017.08.16 19:29:07.137,1.36265,1.36283,1.50,1.00
2017.08.16 19:29:07.652,1.36264,1.36283,2.25,1.00
2017.08.16 19:29:08.193,1.36265,1.36283,1.50,1.00
2017.08.16 19:29:08.757,1.36264,1.36283,2.25,1.00
2017.08.16 19:29:09.335,1.36263,1.36283,1.50,1.00
2017.08.16 19:29:10.127,1.36264,1.36283,1.00,1.00
2017.08.16 19:29:11.064,1.36263,1.36283,1.50,1.00
2017.08.16 19:29:11.645,1.36264,1.36283,1.00,1.00
2017.08.16 19:29:12.174,1.36263,1.36283,1.50,1.00
2017.08.16 19:29:12.718,1.36264,1.36283,1.00,1.00
2017.08.16 19:29:13.429,1.36263,1.36283,1.50,1.00
2017.08.16 19:29:14.610,1.36264,1.36283,1.00,1.00
2017.08.16 19:29:15.493,1.36263,1.36283,1.50,1.00
2017.08.16 19:29:16.106,1.36264,1.36283,1.00,1.00
2017.08.16 19:29:16.638,1.36263,1.36283,1.50,1.00
2017.08.16 19:29:17.433,1.36264,1.36283,1.00,1.00
2017.08.16 19:29:17.946,1.36263,1.36283,1.50,1.00
2017.08.16 19:29:18.452,1.36264,1.36283,1.00,1.00
2017.08.16 19:29:19.227,1.36263,1.36283,1.50,1.00
2017.08.16 19:29:19.778,1.36264,1.36283,1.00,1.00
2017.08.16 19:29:20.469,1.36263,1.36283,1.50,1.00
2017.08.16 19:29:21.076,1.36264,1.36283,1.00,1.00
2017.08.16 19:29:21.674,1.36263,1.36283,1.50,1.00
2017.08.16 19:29:22.191,1.36264,1.36283,1.00,1.00
2017.08.16 19:29:22.973,1.36263,1.36283,1.50,1.00
2017.08.16 19:29:23.565,1.36264,1.36283,1.00,1.00
2017.08.16 19:29:24.231,1.36263,1.36283,1.50,1.00
2017.08.16 19:29:25.037,1.36264,1.36283,1.00,1.00
2017.08.16 19:29:25.697,1.36263,1.36283,1.50,1.00
2017.08.16 19:29:26.342,1.36264,1.36283,1.00,1.00
2017.08.16 19:29:27.280,1.36263,1.36283,1.50,1.00
2017.08.16 19:29:27.950,1.36264,1.36283,1.00,1.00
2017.08.16 19:29:28.646,1.36263,1.36283,1.00,1.00
2017.08.16 19:29:29.157,1.36264,1.36283,1.00,1.00
2017.08.16 19:29:29.982,1.36263,1.36283,1.00,1.00
2017.08.16 19:29:30.537,1.36264,1.36283,1.00,1.00
2017.08.16 19:29:31.242,1.36263,1.36283,1.00,1.00
2017.08.16 19:29:31.753,1.36264,1.36283,1.00,1.00
2017.08.16 19:29:32.352,1.36263,1.36283,1.00,1.00
2017.08.16 19:29:33.413,1.36264,1.36283,1.00,1.00
2017.08.16 19:29:34.002,1.36263,1.36283,2.25,1.00
2017.08.16 19:29:34.533,1.36264,1.36283,1.50,1.00
2017.08.16 19:29:35.076,1.36263,1.36283,2.25,1.00
2017.08.16 19:29:35.610,1.36264,1.36283,1.50,1.00
2017.08.16 19:29:36.280,1.36263,1.36283,2.25,1.00
2017.08.16 19:29:37.050,1.36264,1.36283,1.50,1.00
2017.08.16 19:29:37.523,1.36263,1.36285,2.25,1.00
2017.08.16 19:29:39.051,1.36264,1.36285,1.50,1.00
2017.08.16 19:29:39.604,1.36263,1.36285,2.25,1.00
2017.08.16 19:29:40.156,1.36264,1.36285,1.50,1.00
2017.08.16 19:29:40.774,1.36263,1.36285,2.25,1.00
2017.08.16 19:29:41.310,1.36264,1.36285,1.50,1.00
2017.08.16 19:29:41.924,1.36263,1.36285,2.25,1.00
2017.08.16 19:29:42.467,1.36264,1.36285,1.50,1.00
2017.08.16 19:29:42.969,1.36263,1.36285,2.25,1.00
2017.08.16 19:29:43.804,1.36264,1.36285,1.50,1.00
2017.08.16 19:29:44.359,1.36263,1.36285,2.25,1.00
2017.08.16 19:29:44.874,1.36264,1.36285,1.50,1.00
2017.08.16 19:29:45.464,1.36263,1.36285,2.25,1.00
2017.08.16 19:29:46.019,1.36264,1.36285,1.50,1.00
2017.08.16 19:29:46.572,1.36263,1.36285,2.25,1.00
2017.08.16 19:29:47.233,1.36264,1.36285,1.50,1.00
2017.08.16 19:29:47.897,1.36263,1.36285,2.25,1.00
2017.08.16 19:29:48.674,1.36264,1.36285,1.50,1.00
2017.08.16 19:29:49.696,1.36263,1.36285,2.25,1.00
2017.08.16 19:29:50.250,1.36264,1.36285,1.50,1.00
2017.08.16 19:29:50.913,1.36263,1.36285,2.25,1.00
2017.08.16 19:29:52.084,1.36262,1.36285,2.25,1.25
2017.08.16 19:29:53.305,1.36263,1.36285,1.00,1.19
2017.08.16 19:29:54.191,1.36262,1.36285,1.50,1.25
2017.08.16 19:29:54.964,1.36263,1.36285,1.00,1.19
2017.08.16 19:29:55.519,1.36262,1.36285,1.50,1.25
2017.08.16 19:29:56.071,1.36263,1.36285,1.00,1.19
2017.08.16 19:29:56.626,1.36262,1.36285,1.50,1.25
2017.08.16 19:29:57.506,1.36263,1.36285,1.00,1.19
2017.08.16 19:29:58.060,1.36262,1.36285,1.50,1.25
2017.08.16 19:29:58.613,1.36263,1.36285,1.00,1.19
2017.08.16 19:29:59.326,1.36262,1.36285,1.50,1.25
2017.08.16 19:29:59.877,1.36264,1.36285,1.00,1.25
2017.08.16 19:30:00.382,1.36264,1.36284,1.00,1.00
2017.08.16 19:30:00.935,1.36263,1.36284,1.00,1.00
2017.08.16 19:30:01.596,1.36264,1.36284,1.00,1.00
2017.08.16 19:30:02.141,1.36263,1.36284,1.00,1.00
2017.08.16 19:30:02.699,1.36264,1.36284,1.00,1.00
2017.08.16 19:30:03.357,1.36263,1.36284,1.00,1.00
2017.08.16 19:30:03.968,1.36263,1.36281,1.00,1.00
2017.08.16 19:30:04.122,1.3626,1.36281,2.44,1.00
2017.08.16 19:30:05.007,1.36261,1.36284,1.00,1.87
2017.08.16 19:30:05.059,1.36262,1.36284,1.00,1.69
2017.08.16 19:30:06.077,1.36261,1.36284,1.69,1.31
2017.08.16 19:30:06.622,1.36262,1.36284,1.00,1.69
2017.08.16 19:30:07.180,1.36261,1.36284,1.50,1.31
2017.08.16 19:30:07.705,1.36262,1.36284,1.00,2.44
2017.08.16 19:30:08.409,1.36262,1.36284,2.44,1.31
2017.08.16 19:30:10.615,1.36261,1.3628,1.69,1.00
2017.08.16 19:30:10.869,1.36259,1.3628,2.25,1.00
2017.08.16 19:30:11.449,1.3626,1.3628,1.00,1.00
2017.08.16 19:30:12.060,1.36259,1.3628,3.00,1.00
2017.08.16 19:30:12.599,1.3626,1.3628,1.00,1.00
2017.08.16 19:30:13.184,1.36259,1.3628,2.25,1.00
2017.08.16 19:30:13.721,1.3626,1.3628,1.00,1.00
2017.08.16 19:30:14.272,1.36259,1.3628,2.25,1.00
2017.08.16 19:30:14.937,1.36258,1.3628,1.69,2.06
2017.08.16 19:30:15.460,1.36257,1.3628,1.69,1.69
2017.08.16 19:30:17.180,1.36256,1.36279,1.00,1.00
2017.08.16 19:30:17.434,1.36255,1.36278,2.44,2.06
2017.08.16 19:30:18.032,1.36256,1.36278,1.00,2.06
2017.08.16 19:30:18.557,1.36257,1.36277,1.00,1.00
2017.08.16 19:30:19.103,1.36256,1.36278,1.50,1.87
2017.08.16 19:30:19.613,1.36257,1.36277,1.00,1.25
2017.08.16 19:30:20.276,1.36256,1.36278,1.50,2.06
2017.08.16 19:30:20.941,1.36257,1.36277,1.00,1.25
2017.08.16 19:30:21.493,1.36256,1.36278,1.50,2.06
2017.08.16 19:30:22.488,1.36257,1.36277,1.00,1.25
2017.08.16 19:30:23.038,1.36257,1.36278,1.00,2.81
2017.08.16 19:30:23.817,1.36257,1.36277,1.50,1.25
2017.08.16 19:30:24.367,1.36256,1.36277,1.50,1.50
2017.08.16 19:30:29.062,1.36256,1.36276,1.00,1.00
2017.08.16 19:30:29.564,1.36255,1.36277,2.25,2.06
2017.08.16 19:30:30.101,1.36255,1.36275,2.25,1.00
2017.08.16 19:30:30.813,1.36256,1.36275,1.00,1.25
2017.08.16 19:30:31.332,1.36255,1.36275,2.25,1.00
2017.08.16 19:30:32.221,1.36256,1.36275,1.00,1.25
2017.08.16 19:30:32.770,1.36255,1.36275,2.25,1.00
2017.08.16 19:30:33.325,1.36256,1.36275,1.00,1.25
2017.08.16 19:30:33.990,1.36255,1.36275,2.25,1.00
2017.08.16 19:30:34.540,1.36256,1.36275,1.00,1.25
2017.08.16 19:30:35.095,1.36255,1.36275,2.25,1.00
2017.08.16 19:30:35.645,1.36256,1.36275,1.00,1.25
2017.08.16 19:30:36.204,1.36255,1.36275,2.25,1.00
2017.08.16 19:30:36.867,1.36256,1.36275,1.00,1.25
2017.08.16 19:30:37.402,1.36255,1.36275,1.00,2.25
2017.08.16 19:30:39.569,1.36255,1.36274,1.50,1.00
2017.08.16 19:30:40.229,1.36255,1.36275,1.00,2.25
2017.08.16 19:30:40.736,1.36255,1.36274,1.50,1.00
2017.08.16 19:30:41.550,1.36255,1.36275,1.00,2.25
2017.08.16 19:30:42.062,1.36255,1.36274,1.50,1.00
2017.08.16 19:30:42.613,1.36255,1.36275,1.00,2.25
2017.08.16 19:30:43.531,1.36255,1.36274,1.50,1.00
2017.08.16 19:30:44.082,1.36255,1.36275,1.00,1.50
2017.08.16 19:30:50.298,1.36254,1.36274,2.44,1.50
2017.08.16 19:30:52.243,1.36254,1.36273,2.44,1.00
2017.08.16 19:30:52.673,1.36252,1.3627,1.00,2.25
2017.08.16 19:30:53.547,1.36251,1.3627,1.50,2.25
2017.08.16 19:30:54.082,1.36251,1.36269,1.00,1.00
2017.08.16 19:30:54.744,1.3625,1.36269,2.25,1.00
2017.08.16 19:30:55.304,1.3625,1.3627,1.50,2.25
2017.08.16 19:30:56.188,1.3625,1.36269,2.25,1.00
2017.08.16 19:30:56.747,1.36249,1.36269,1.00,1.69
2017.08.16 19:30:57.292,1.3625,1.36269,1.00,2.44
2017.08.16 19:30:57.845,1.3625,1.36268,1.00,1.00
2017.08.16 19:30:59.396,1.3625,1.36269,1.00,2.44
2017.08.16 19:31:00.441,1.3625,1.36268,1.00,1.00
2017.08.16 19:31:01.046,1.3625,1.36269,1.00,1.69
2017.08.16 19:31:01.610,1.3625,1.36268,1.00,1.00
2017.08.16 19:31:02.493,1.3625,1.36269,1.00,1.50
2017.08.16 19:31:03.588,1.3625,1.36268,1.00,1.00
2017.08.16 19:31:04.140,1.3625,1.36269,1.00,1.50
2017.08.16 19:31:04.663,1.3625,1.36268,1.00,1.00
2017.08.16 19:31:05.248,1.3625,1.36269,1.00,1.50
2017.08.16 19:31:06.052,1.3625,1.36268,1.00,1.00
2017.08.16 19:31:06.553,1.3625,1.36269,1.00,1.50
2017.08.16 19:31:07.125,1.3625,1.36268,1.25,1.00
2017.08.16 19:31:07.651,1.3625,1.36269,1.00,1.50
2017.08.16 19:31:08.163,1.3625,1.36267,1.00,1.00
2017.08.16 19:31:09.022,1.3625,1.36268,1.00,1.00
2017.08.16 19:31:09.550,1.3625,1.36267,1.00,1.00
2017.08.16 19:31:10.447,1.3625,1.36268,1.00,1.00
2017.08.16 19:31:11.002,1.3625,1.36267,1.00,1.00
2017.08.16 19:31:11.553,1.3625,1.36268,1.00,1.00
2017.08.16 19:31:12.160,1.3625,1.36267,1.00,1.00
2017.08.16 19:31:12.767,1.3625,1.36268,1.00,1.00
2017.08.16 19:31:13.322,1.3625,1.36267,1.00,1.00
2017.08.16 19:31:13.871,1.3625,1.36268,1.00,1.50
2017.08.16 19:31:14.871,1.3625,1.36267,1.00,1.00
2017.08.16 19:31:15.420,1.3625,1.36268,1.00,1.50
2017.08.16 19:31:15.976,1.3625,1.36267,1.00,1.00
2017.08.16 19:31:16.527,1.3625,1.36268,1.00,1.50
2017.08.16 19:31:17.107,1.3625,1.36267,1.00,1.00
2017.08.16 19:31:17.635,1.3625,1.36268,1.00,1.50
2017.08.16 19:31:18.185,1.3625,1.36267,1.00,1.00
2017.08.16 19:31:18.706,1.36249,1.36267,1.25,1.00
2017.08.16 19:31:19.231,1.36248,1.36266,2.25,1.00
2017.08.16 19:31:19.605,1.36248,1.36268,1.50,1.00
2017.08.16 19:31:20.140,1.36248,1.36267,2.25,1.00
2017.08.16 19:31:20.770,1.36248,1.36268,1.00,1.00
2017.08.16 19:31:21.283,1.36248,1.36267,2.25,1.00
2017.08.16 19:31:22.217,1.36248,1.36268,1.00,1.00
2017.08.16 19:31:23.211,1.36248,1.36267,2.25,1.00
2017.08.16 19:31:23.767,1.36248,1.36268,1.00,1.00
2017.08.16 19:31:24.471,1.36248,1.36269,2.25,1.00
2017.08.16 19:31:25.090,1.36249,1.36268,1.00,1.00
2017.08.16 19:31:25.646,1.36248,1.36268,3.00,1.00
2017.08.16 19:31:26.200,1.36248,1.36269,1.50,1.69
2017.08.16 19:31:26.751,1.36249,1.36268,1.00,1.00
2017.08.16 19:31:27.266,1.36249,1.36269,1.00,1.69
2017.08.16 19:31:27.857,1.36249,1.36268,1.00,1.00
2017.08.16 19:31:28.402,1.36249,1.36269,1.00,1.69
2017.08.16 19:31:28.904,1.36249,1.36268,1.50,1.00
2017.08.16 19:31:29.626,1.36249,1.36269,1.00,1.00
2017.08.16 19:31:30.171,1.36249,1.36268,1.50,1.00
2017.08.16 19:31:30.836,1.36249,1.36269,1.00,1.00
2017.08.16 19:31:31.391,1.36249,1.36268,1.69,1.00
2017.08.16 19:31:31.896,1.36249,1.36267,1.25,1.00
2017.08.16 19:31:32.473,1.36249,1.36268,1.00,1.00
2017.08.16 19:31:32.925,1.36248,1.36266,2.44,1.00
2017.08.16 19:31:33.808,1.36247,1.36267,2.44,1.00
2017.08.16 19:31:34.795,1.36247,1.36266,2.44,1.00
2017.08.16 19:31:35.475,1.36248,1.36266,1.00,1.00
2017.08.16 19:31:38.940,1.36248,1.36267,1.00,1.69
2017.08.16 19:31:39.448,1.36247,1.36267,1.00,1.00
2017.08.16 19:31:40.355,1.36246,1.36264,2.25,1.00
2017.08.16 19:31:40.660,1.36245,1.36262,1.00,1.31
2017.08.16 19:31:42.096,1.36244,1.36262,1.00,1.50
2017.08.16 19:31:45.553,1.36242,1.36262,1.50,1.00
2017.08.16 19:31:49.146,1.36242,1.36261,1.00,1.00
2017.08.16 19:31:54.795,1.36242,1.3626,1.50,1.00
2017.08.16 19:31:55.343,1.36242,1.36261,1.00,1.50
2017.08.16 19:31:55.896,1.36242,1.3626,1.50,1.00
2017.08.16 19:31:56.563,1.36242,1.36261,1.00,1.50
2017.08.16 19:31:57.113,1.36242,1.3626,1.50,1.00
2017.08.16 19:31:57.788,1.36242,1.36261,1.00,1.00
2017.08.16 19:31:58.241,1.36242,1.36263,1.00,1.50
2017.08.16 19:32:00.149,1.36241,1.36262,2.44,1.12
2017.08.16 19:32:00.688,1.36243,1.36262,1.00,1.50
2017.08.16 19:32:01.315,1.36243,1.36261,1.00,1.00
2017.08.16 19:32:01.978,1.36243,1.36262,1.00,1.50
2017.08.16 19:32:02.523,1.36243,1.36261,1.00,1.00
2017.08.16 19:32:03.026,1.36241,1.36261,1.00,1.00
2017.08.16 19:32:03.713,1.36241,1.3626,1.50,1.00
2017.08.16 19:32:04.521,1.36241,1.36261,1.00,1.00
2017.08.16 19:32:05.059,1.36241,1.3626,1.50,1.00
2017.08.16 19:32:05.781,1.36241,1.36261,1.00,1.00
2017.08.16 19:32:06.294,1.36241,1.3626,1.50,1.00
