2015.12.11 12:00:00.248,1.40838,1.40877,1.95,1.75
2015.12.11 12:00:07.931,1.40838,1.4088,1.20,1.75
2015.12.11 12:00:08.034,1.40838,1.4088,1.95,1.75
2015.12.11 12:00:33.992,1.40843,1.4088,1.75,1.37
2015.12.11 12:00:40.427,1.40842,1.40882,2.25,1.75
2015.12.11 12:00:42.919,1.40844,1.40883,1.75,1.50
2015.12.11 12:01:08.545,1.40847,1.40886,1.75,1.75
2015.12.11 12:01:08.848,1.40849,1.4089,2.25,1.75
2015.12.11 12:01:08.899,1.4085,1.40889,1.75,1.37
2015.12.11 12:01:09.773,1.4085,1.4089,1.75,1.75
2015.12.11 12:01:09.875,1.4085,1.4089,1.75,1.75
2015.12.11 12:01:10.467,1.4085,1.4089,1.75,1.75
2015.12.11 12:01:11.768,1.4085,1.4089,1.75,1.75
2015.12.11 12:01:20.675,1.40848,1.40889,2.25,1.75
2015.12.11 12:01:22.520,1.40849,1.40889,1.75,1.75
2015.12.11 12:01:24.735,1.4085,1.40889,1.75,1.37
2015.12.11 12:01:29.448,1.40852,1.40891,1.75,1.07
2015.12.11 12:01:29.549,1.40859,1.40896,1.07,1.37
2015.12.11 12:01:29.651,1.4086,1.40896,1.10,1.00
2015.12.11 12:01:29.802,1.40865,1.40899,1.00,1.37
2015.12.11 12:01:29.903,1.40862,1.409,1.00,1.37
2015.12.11 12:01:30.105,1.40864,1.40899,1.00,1.37
2015.12.11 12:01:30.572,1.40859,1.40899,1.57,1.37
2015.12.11 12:01:31.157,1.40854,1.40892,1.75,1.00
2015.12.11 12:01:31.460,1.40852,1.4089,1.75,1.00
2015.12.11 12:01:31.712,1.40851,1.409,1.75,1.37
2015.12.11 12:01:32.612,1.40854,1.40893,1.75,1.00
2015.12.11 12:01:33.250,1.40846,1.40896,1.75,1.07
2015.12.11 12:01:33.643,1.40846,1.409,1.75,1.75
2015.12.11 12:01:34.148,1.40846,1.40896,1.75,1.75
2015.12.11 12:01:34.735,1.40844,1.40889,1.20,1.00
2015.12.11 12:01:35.183,1.40849,1.40889,1.37,1.00
2015.12.11 12:01:38.390,1.40849,1.40888,1.37,1.00
2015.12.11 12:01:38.850,1.40843,1.40881,1.00,1.00
2015.12.11 12:01:38.901,1.40843,1.40886,1.37,1.00
2015.12.11 12:01:39.002,1.40843,1.40887,1.07,1.00
2015.12.11 12:01:39.153,1.40839,1.40884,1.50,1.00
2015.12.11 12:01:39.764,1.40837,1.40885,1.75,1.00
2015.12.11 12:01:40.155,1.40836,1.40887,1.50,1.50
2015.12.11 12:01:40.357,1.40834,1.4089,1.75,1.57
2015.12.11 12:01:47.024,1.40827,1.40887,1.75,1.00
2015.12.11 12:01:48.632,1.40829,1.40885,1.75,1.00
2015.12.11 12:01:48.934,1.40832,1.40873,1.75,1.00
2015.12.11 12:01:49.036,1.40829,1.4089,1.75,1.07
2015.12.11 12:01:49.137,1.40829,1.40882,1.75,1.00
2015.12.11 12:01:49.238,1.40829,1.4089,1.75,1.07
2015.12.11 12:02:03.197,1.40833,1.40896,1.75,1.75
2015.12.11 12:02:03.456,1.40833,1.40894,1.75,1.37
2015.12.11 12:02:04.653,1.40835,1.40892,1.75,1.12
2015.12.11 12:02:04.855,1.40835,1.40893,1.50,1.12
2015.12.11 12:02:05.209,1.40835,1.40897,1.75,2.25
2015.12.11 12:02:05.310,1.40835,1.40887,1.50,1.00
2015.12.11 12:02:05.512,1.40834,1.40889,1.75,1.00
2015.12.11 12:02:05.564,1.40834,1.40885,1.75,1.00
2015.12.11 12:02:05.666,1.40834,1.4089,1.75,1.10
2015.12.11 12:02:05.985,1.40834,1.4089,1.75,1.07
2015.12.11 12:02:06.291,1.40834,1.40892,1.75,1.12
2015.12.11 12:02:07.072,1.40845,1.40883,1.75,1.00
2015.12.11 12:02:07.274,1.40845,1.40887,1.75,1.00
2015.12.11 12:02:07.375,1.40845,1.40882,1.75,1.00
2015.12.11 12:02:07.819,1.40845,1.40896,1.75,2.25
2015.12.11 12:02:13.757,1.40844,1.40892,1.75,1.07
2015.12.11 12:02:18.398,1.40846,1.40892,1.75,1.07
2015.12.11 12:02:22.569,1.40849,1.40885,1.12,1.00
2015.12.11 12:02:22.721,1.40849,1.4089,1.12,1.10
2015.12.11 12:02:22.822,1.40849,1.40884,1.12,1.00
2015.12.11 12:02:22.924,1.40849,1.40889,1.12,1.00
2015.12.11 12:02:23.456,1.40849,1.40893,1.12,1.12
2015.12.11 12:02:23.713,1.40847,1.40883,1.50,1.00
2015.12.11 12:02:24.015,1.40846,1.40887,1.75,1.00
2015.12.11 12:02:24.116,1.40846,1.40889,1.75,1.00
2015.12.11 12:02:24.687,1.40846,1.4089,1.75,1.10
2015.12.11 12:02:28.604,1.40845,1.4089,1.75,1.07
2015.12.11 12:02:30.065,1.40843,1.40887,1.75,1.00
2015.12.11 12:02:31.365,1.40843,1.4088,1.75,1.00
2015.12.11 12:02:31.633,1.40843,1.40887,1.75,1.00
2015.12.11 12:02:32.319,1.40843,1.40887,1.75,1.00
2015.12.11 12:02:32.821,1.40842,1.40886,1.75,1.00
2015.12.11 12:02:33.695,1.40843,1.40887,1.75,1.00
2015.12.11 12:02:33.746,1.40843,1.40881,1.75,1.00
2015.12.11 12:02:34.250,1.40843,1.40879,1.75,1.00
2015.12.11 12:02:34.351,1.40843,1.40886,1.75,1.00
2015.12.11 12:02:34.898,1.40843,1.40887,1.75,1.00
2015.12.11 12:02:35.445,1.40842,1.40886,1.75,1.00
2015.12.11 12:02:36.160,1.40843,1.40887,1.75,1.00
2015.12.11 12:02:40.094,1.40843,1.40881,1.75,1.00
2015.12.11 12:02:40.567,1.40843,1.40879,1.75,1.00
2015.12.11 12:02:41.145,1.40843,1.40879,1.50,1.00
2015.12.11 12:02:50.807,1.40843,1.40877,1.50,1.00
2015.12.11 12:02:50.908,1.40843,1.40888,1.50,1.00
2015.12.11 12:02:51.263,1.40843,1.40888,1.75,1.00
2015.12.11 12:02:52.915,1.40843,1.40889,1.75,1.50
2015.12.11 12:02:53.986,1.40843,1.40888,1.75,1.00
2015.12.11 12:02:54.312,1.40843,1.40878,1.75,1.00
2015.12.11 12:02:55.334,1.40842,1.40879,1.75,1.00
2015.12.11 12:02:55.490,1.40842,1.40879,1.75,1.00
2015.12.11 12:02:56.248,1.40843,1.40887,1.75,1.00
2015.12.11 12:02:58.597,1.40843,1.40879,1.75,1.00
2015.12.11 12:02:59.110,1.40843,1.40878,1.75,1.00
2015.12.11 12:03:01.806,1.40842,1.40877,1.75,1.00
2015.12.11 12:03:03.031,1.4084,1.40886,1.75,1.00
2015.12.11 12:03:03.548,1.40839,1.40885,1.75,1.00
2015.12.11 12:03:04.306,1.40837,1.40883,1.75,1.00
2015.12.11 12:03:05.514,1.40836,1.40881,1.75,1.00
2015.12.11 12:03:06.724,1.40836,1.40879,1.75,1.00
2015.12.11 12:03:10.465,1.40837,1.40881,1.75,1.00
2015.12.11 12:03:11.674,1.4084,1.4088,1.75,1.00
2015.12.11 12:03:15.345,1.40838,1.40883,1.75,1.00
2015.12.11 12:03:15.396,1.40838,1.40879,2.25,1.00
2015.12.11 12:03:15.694,1.4084,1.40883,1.75,1.00
2015.12.11 12:03:23.315,1.40839,1.40879,1.75,1.00
2015.12.11 12:03:24.584,1.40839,1.40878,2.25,1.00
2015.12.11 12:03:30.226,1.40838,1.40875,1.75,1.00
2015.12.11 12:03:30.277,1.40838,1.40879,1.75,1.00
2015.12.11 12:03:32.722,1.40838,1.4088,1.75,1.00
2015.12.11 12:03:37.840,1.40838,1.40877,1.75,1.00
2015.12.11 12:03:37.891,1.40842,1.4088,1.37,1.50
2015.12.11 12:03:39.577,1.40842,1.4088,1.75,2.25
2015.12.11 12:03:39.678,1.40842,1.40878,1.75,1.37
2015.12.11 12:03:39.780,1.40839,1.40877,1.75,1.50
2015.12.11 12:03:39.931,1.40838,1.40877,2.25,1.50
2015.12.11 12:03:40.032,1.4084,1.40877,1.75,1.12
2015.12.11 12:03:40.540,1.40842,1.40878,1.50,1.75
2015.12.11 12:03:43.358,1.4084,1.40876,1.75,1.12
2015.12.11 12:03:43.460,1.4084,1.40876,1.75,1.50
2015.12.11 12:03:43.784,1.4084,1.40876,1.37,1.75
2015.12.11 12:04:01.602,1.40837,1.40876,1.75,1.75
2015.12.11 12:04:02.409,1.40841,1.4088,1.50,2.25
2015.12.11 12:04:03.141,1.40841,1.4088,1.75,1.75
2015.12.11 12:04:03.360,1.40841,1.4088,1.75,2.25
2015.12.11 12:04:06.006,1.40838,1.40877,1.75,1.75
2015.12.11 12:04:06.208,1.40837,1.40876,1.75,1.75
2015.12.11 12:04:08.064,1.40836,1.40875,1.75,2.25
2015.12.11 12:04:13.244,1.40838,1.40878,1.75,1.75
2015.12.11 12:04:15.737,1.40837,1.40876,1.75,1.75
2015.12.11 12:04:17.127,1.40841,1.4088,1.75,1.75
2015.12.11 12:04:17.683,1.40841,1.40882,1.75,1.75
2015.12.11 12:04:19.094,1.4084,1.40878,1.75,1.75
2015.12.11 12:04:22.934,1.4084,1.40879,1.75,1.75
2015.12.11 12:04:25.367,1.40839,1.40878,2.25,1.50
2015.12.11 12:04:25.468,1.40839,1.40876,1.75,1.75
2015.12.11 12:04:26.894,1.40839,1.40876,1.75,1.75
2015.12.11 12:04:27.517,1.40839,1.40876,1.75,1.37
2015.12.11 12:04:28.744,1.40839,1.40878,1.75,1.50
2015.12.11 12:04:29.193,1.40841,1.4088,1.75,1.75
2015.12.11 12:04:33.154,1.40841,1.40881,1.75,1.75
2015.12.11 12:04:34.359,1.40841,1.40874,1.37,1.50
2015.12.11 12:04:34.896,1.40834,1.40869,1.50,1.50
2015.12.11 12:04:35.198,1.40831,1.40871,1.75,2.25
2015.12.11 12:04:36.004,1.40831,1.40866,1.37,1.75
2015.12.11 12:04:36.617,1.40831,1.40864,1.50,1.75
2015.12.11 12:04:36.668,1.40831,1.40864,1.07,1.75
2015.12.11 12:04:37.766,1.4083,1.40866,1.37,1.75
2015.12.11 12:04:50.859,1.40828,1.40862,1.75,1.50
2015.12.11 12:04:54.371,1.40828,1.40862,1.12,1.75
2015.12.11 12:04:58.002,1.4084,1.4087,1.00,3.37
2015.12.11 12:04:58.103,1.40837,1.40874,1.57,1.75
2015.12.11 12:04:58.154,1.40837,1.40875,1.87,2.25
2015.12.11 12:04:58.255,1.40837,1.4087,1.00,1.75
2015.12.11 12:04:58.457,1.40837,1.40868,1.10,1.75
2015.12.11 12:04:59.800,1.40835,1.40869,1.10,1.75
2015.12.11 12:05:00.301,1.40835,1.40869,1.07,1.75
2015.12.11 12:05:00.453,1.40835,1.40867,1.37,1.50
2015.12.11 12:05:00.554,1.40835,1.40865,1.07,1.37
2015.12.11 12:05:00.894,1.40832,1.40868,1.00,1.75
2015.12.11 12:05:01.402,1.40832,1.40864,1.00,1.75
2015.12.11 12:05:01.554,1.40832,1.4086,1.00,1.37
2015.12.11 12:05:01.605,1.4083,1.40867,1.10,1.75
2015.12.11 12:05:02.131,1.40833,1.40861,1.00,1.50
2015.12.11 12:05:02.434,1.40841,1.40875,1.75,1.75
2015.12.11 12:05:02.736,1.40843,1.40878,1.75,1.75
2015.12.11 12:05:03.949,1.4085,1.40878,1.37,1.10
2015.12.11 12:05:12.962,1.40852,1.40889,1.37,1.75
2015.12.11 12:05:18.723,1.40854,1.40886,1.12,1.75
2015.12.11 12:05:35.957,1.40855,1.40886,1.12,1.37
2015.12.11 12:05:37.311,1.40855,1.40889,1.37,1.75
2015.12.11 12:05:45.318,1.40861,1.40891,1.00,1.75
2015.12.11 12:05:45.762,1.40861,1.40893,1.07,1.75
2015.12.11 12:05:46.622,1.40861,1.40893,1.12,1.37
2015.12.11 12:05:49.621,1.40861,1.40895,1.50,1.50
2015.12.11 12:05:54.159,1.40861,1.40895,1.75,1.87
2015.12.11 12:06:45.070,1.40863,1.40894,1.75,1.07
2015.12.11 12:06:45.571,1.40863,1.40897,1.75,1.87
2015.12.11 12:06:53.725,1.40862,1.40895,1.75,1.12
2015.12.11 12:06:54.141,1.40862,1.40895,1.37,1.50
2015.12.11 12:07:06.038,1.40858,1.40886,1.75,1.00
2015.12.11 12:07:06.139,1.40856,1.40889,1.75,1.00
2015.12.11 12:07:06.190,1.40856,1.40889,1.37,1.75
2015.12.11 12:07:07.528,1.40856,1.40888,1.10,1.75
2015.12.11 12:07:25.991,1.40856,1.40888,1.12,1.75
2015.12.11 12:07:36.073,1.40857,1.40888,1.07,1.50
2015.12.11 12:07:36.427,1.4086,1.40889,1.07,1.37
2015.12.11 12:07:36.528,1.40861,1.40893,1.37,1.37
2015.12.11 12:07:37.472,1.40862,1.40893,1.50,1.07
2015.12.11 12:07:37.775,1.40862,1.40894,1.37,2.25
2015.12.11 12:07:40.389,1.40862,1.40894,1.12,2.25
2015.12.11 12:07:41.719,1.40861,1.40892,1.57,1.37
2015.12.11 12:07:47.212,1.40861,1.40893,1.37,2.25
2015.12.11 12:07:56.003,1.40859,1.40894,1.50,1.75
2015.12.11 12:08:00.269,1.40859,1.40891,1.12,1.75
2015.12.11 12:08:03.833,1.40862,1.40891,1.07,1.75
2015.12.11 12:08:04.384,1.40862,1.40898,1.07,1.75
2015.12.11 12:08:05.255,1.40862,1.40893,1.07,1.75
2015.12.11 12:08:06.127,1.40862,1.40892,1.07,1.87
2015.12.11 12:08:06.443,1.40862,1.40893,1.12,2.25
2015.12.11 12:08:06.691,1.40862,1.40893,1.07,2.25
2015.12.11 12:08:06.893,1.4086,1.409,1.75,2.25
2015.12.11 12:08:07.196,1.4086,1.40899,2.25,1.75
2015.12.11 12:08:07.247,1.40861,1.409,1.75,1.75
2015.12.11 12:08:07.348,1.4086,1.40899,2.25,1.12
2015.12.11 12:08:07.799,1.40863,1.40903,1.75,1.10
2015.12.11 12:08:07.901,1.40863,1.40902,2.25,1.00
2015.12.11 12:08:08.962,1.40867,1.40902,1.75,1.07
2015.12.11 12:08:09.288,1.40867,1.40902,1.75,1.37
2015.12.11 12:08:09.958,1.40867,1.40902,1.75,1.37
2015.12.11 12:08:10.210,1.40867,1.40902,1.75,1.00
2015.12.11 12:08:10.513,1.40866,1.40904,1.75,1.50
2015.12.11 12:08:11.844,1.40863,1.409,1.75,1.07
2015.12.11 12:08:12.167,1.40863,1.40897,1.75,1.00
2015.12.11 12:08:12.369,1.4086,1.40899,1.75,1.10
2015.12.11 12:08:12.470,1.4086,1.40897,1.75,1.00
2015.12.11 12:08:12.799,1.4086,1.40897,1.75,1.00
2015.12.11 12:08:20.991,1.40859,1.409,1.75,1.10
2015.12.11 12:08:21.092,1.40859,1.409,1.50,1.10
2015.12.11 12:08:24.411,1.40859,1.40898,1.50,1.00
2015.12.11 12:08:24.774,1.40857,1.40895,1.75,1.75
2015.12.11 12:08:25.293,1.40858,1.40894,1.75,1.75
2015.12.11 12:08:25.664,1.40858,1.40894,1.50,1.75
2015.12.11 12:08:26.366,1.40857,1.40894,1.75,1.75
2015.12.11 12:08:40.130,1.40858,1.40901,1.75,1.75
2015.12.11 12:08:46.798,1.40859,1.40899,2.25,1.75
2015.12.11 12:08:47.151,1.4086,1.40896,1.37,1.75
2015.12.11 12:08:47.909,1.40859,1.40902,1.75,1.75
2015.12.11 12:08:48.213,1.40859,1.40898,1.75,1.75
2015.12.11 12:08:48.517,1.40859,1.40888,1.75,1.07
2015.12.11 12:08:49.068,1.40858,1.40893,1.75,1.37
2015.12.11 12:08:51.788,1.40859,1.40887,1.37,1.10
2015.12.11 12:08:52.092,1.40856,1.40892,2.25,1.75
2015.12.11 12:09:00.105,1.40859,1.40884,1.07,1.00
2015.12.11 12:09:15.518,1.40856,1.4089,2.25,1.37
2015.12.11 12:09:15.873,1.40855,1.40883,1.75,1.00
2015.12.11 12:09:15.974,1.40854,1.40883,1.87,1.00
2015.12.11 12:09:16.076,1.40853,1.40885,1.37,1.10
2015.12.11 12:09:17.051,1.40852,1.40883,3.37,1.00
2015.12.11 12:09:17.570,1.40852,1.40882,2.62,1.00
2015.12.11 12:09:23.109,1.40854,1.40881,1.07,1.00
2015.12.11 12:09:23.893,1.40854,1.40886,1.07,1.07
2015.12.11 12:09:24.145,1.40853,1.40885,1.00,1.07
2015.12.11 12:09:24.196,1.40852,1.40879,1.57,1.00
2015.12.11 12:09:24.499,1.40851,1.40877,1.00,1.10
2015.12.11 12:09:24.550,1.40846,1.40877,1.00,1.12
2015.12.11 12:09:24.802,1.40846,1.40872,1.00,1.00
2015.12.11 12:09:25.466,1.40843,1.40871,1.07,1.00
2015.12.11 12:09:25.532,1.40838,1.40867,1.10,1.07
2015.12.11 12:09:25.685,1.40835,1.40862,1.57,1.00
2015.12.11 12:09:26.124,1.40834,1.40863,1.37,1.00
2015.12.11 12:09:26.727,1.40834,1.40863,1.10,1.00
2015.12.11 12:09:27.230,1.40834,1.40866,1.10,1.07
2015.12.11 12:09:27.661,1.40834,1.40866,1.07,1.37
2015.12.11 12:09:28.115,1.40835,1.40864,1.57,1.00
2015.12.11 12:09:28.166,1.40839,1.40864,1.00,1.00
2015.12.11 12:09:28.469,1.40841,1.40864,1.12,1.00
2015.12.11 12:09:29.818,1.40838,1.40864,1.50,1.00
2015.12.11 12:09:37.317,1.4084,1.40869,1.12,1.37
2015.12.11 12:09:38.027,1.4084,1.40869,1.37,1.12
2015.12.11 12:09:38.643,1.40839,1.40864,1.50,1.00
2015.12.11 12:09:38.845,1.40839,1.40864,1.12,1.00
2015.12.11 12:09:40.129,1.40839,1.40865,1.12,1.00
2015.12.11 12:09:40.383,1.40839,1.40865,1.50,1.00
2015.12.11 12:10:01.498,1.40839,1.40866,1.50,1.00
2015.12.11 12:10:01.599,1.40839,1.40869,2.25,1.07
2015.12.11 12:10:01.701,1.40837,1.40866,2.25,1.00
2015.12.11 12:10:02.297,1.40839,1.40868,1.75,1.00
2015.12.11 12:10:02.500,1.4084,1.40872,1.75,1.07
2015.12.11 12:10:02.708,1.4084,1.40873,1.75,1.10
2015.12.11 12:10:02.918,1.4084,1.40869,2.25,1.00
2015.12.11 12:10:03.019,1.4084,1.40872,1.75,1.00
2015.12.11 12:10:03.070,1.4084,1.40872,1.75,1.07
2015.12.11 12:10:03.851,1.40842,1.40868,1.75,1.00
2015.12.11 12:10:04.053,1.40841,1.40872,1.75,1.00
2015.12.11 12:10:04.222,1.40843,1.40869,1.50,1.00
2015.12.11 12:10:04.837,1.40843,1.40868,1.50,1.00
2015.12.11 12:10:08.129,1.40841,1.40868,1.75,1.00
2015.12.11 12:10:08.281,1.40841,1.40872,1.75,1.00
2015.12.11 12:10:08.382,1.40841,1.4087,1.75,1.00
2015.12.11 12:10:08.483,1.40841,1.40872,1.75,1.00
2015.12.11 12:10:08.685,1.4084,1.4087,2.25,1.00
2015.12.11 12:10:08.887,1.40842,1.40872,1.50,1.00
2015.12.11 12:10:09.277,1.40842,1.40872,1.75,1.00
2015.12.11 12:10:09.770,1.40842,1.40867,1.75,1.00
2015.12.11 12:10:09.972,1.40842,1.40867,1.50,1.00
2015.12.11 12:10:10.523,1.40842,1.40866,1.50,1.00
2015.12.11 12:10:14.040,1.40838,1.40866,2.25,1.00
2015.12.11 12:10:14.768,1.40838,1.40868,1.75,1.00
2015.12.11 12:10:14.870,1.40838,1.40873,1.75,1.12
2015.12.11 12:10:15.072,1.40842,1.40868,1.75,1.00
2015.12.11 12:10:15.274,1.4084,1.40873,2.25,1.12
2015.12.11 12:10:15.684,1.40841,1.40868,1.75,1.00
2015.12.11 12:10:16.667,1.40841,1.40867,1.75,1.00
2015.12.11 12:10:17.777,1.40839,1.40866,1.75,1.00
2015.12.11 12:10:17.827,1.40838,1.40866,1.75,1.00
2015.12.11 12:10:18.079,1.40837,1.40871,1.75,1.07
2015.12.11 12:10:18.181,1.40839,1.40867,2.25,1.00
2015.12.11 12:10:18.483,1.40839,1.40868,1.75,1.00
2015.12.11 12:10:18.584,1.40839,1.40872,1.75,1.10
2015.12.11 12:10:18.685,1.40839,1.40868,1.75,1.00
2015.12.11 12:10:19.522,1.40839,1.40872,1.75,1.10
2015.12.11 12:10:19.573,1.40839,1.40872,1.75,1.07
2015.12.11 12:10:19.904,1.40839,1.40866,1.75,1.00
2015.12.11 12:10:20.919,1.40837,1.40867,1.75,1.00
2015.12.11 12:10:21.850,1.40837,1.40867,1.75,1.00
2015.12.11 12:10:22.511,1.40837,1.40867,1.75,1.10
2015.12.11 12:10:30.146,1.40837,1.40866,1.75,1.00
2015.12.11 12:10:45.071,1.40839,1.40871,1.75,1.37
2015.12.11 12:10:45.173,1.40839,1.40871,1.75,1.07
2015.12.11 12:10:45.223,1.40839,1.40871,1.75,1.10
2015.12.11 12:10:46.511,1.4084,1.40869,2.25,1.00
2015.12.11 12:10:47.019,1.4084,1.40868,1.75,1.00
2015.12.11 12:10:47.291,1.4084,1.40872,1.75,1.07
2015.12.11 12:10:47.392,1.4084,1.40868,1.75,1.00
2015.12.11 12:10:47.494,1.4084,1.40873,1.75,1.07
2015.12.11 12:10:47.595,1.40841,1.40867,2.25,1.00
2015.12.11 12:10:48.298,1.4084,1.40867,1.75,1.00
2015.12.11 12:10:48.826,1.4084,1.40866,1.75,1.00
2015.12.11 12:10:50.228,1.40837,1.40868,1.75,1.00
2015.12.11 12:10:52.292,1.40839,1.40868,2.25,1.00
2015.12.11 12:10:54.700,1.40839,1.40872,2.25,1.07
2015.12.11 12:10:54.801,1.40839,1.40868,1.75,1.00
2015.12.11 12:10:55.401,1.40839,1.40867,1.75,1.00
2015.12.11 12:10:55.699,1.40839,1.40872,1.75,1.12
2015.12.11 12:10:55.800,1.40839,1.40867,2.25,1.00
2015.12.11 12:10:56.302,1.40839,1.40866,1.75,1.00
2015.12.11 12:10:56.352,1.40839,1.40866,1.75,1.00
2015.12.11 12:10:57.291,1.40838,1.40867,2.25,1.00
2015.12.11 12:10:58.735,1.40839,1.40872,2.25,1.07
2015.12.11 12:10:58.836,1.40839,1.40867,2.25,1.00
2015.12.11 12:11:00.287,1.40838,1.40868,1.75,1.00
2015.12.11 12:11:03.361,1.40839,1.40867,1.75,1.00
2015.12.11 12:11:04.048,1.40838,1.40873,2.25,1.50
2015.12.11 12:11:04.250,1.4084,1.40873,1.75,1.07
2015.12.11 12:11:04.601,1.40843,1.40875,1.75,1.07
2015.12.11 12:11:04.904,1.40843,1.40873,1.75,1.00
2015.12.11 12:11:05.005,1.40843,1.40873,1.75,1.00
2015.12.11 12:11:05.553,1.40843,1.40874,1.75,1.00
2015.12.11 12:11:06.109,1.40841,1.40872,1.75,1.00
2015.12.11 12:11:06.618,1.40843,1.40873,2.25,1.00
2015.12.11 12:11:07.146,1.40843,1.40872,2.25,1.00
2015.12.11 12:11:07.731,1.40843,1.40871,1.75,1.00
2015.12.11 12:11:08.452,1.40841,1.4087,1.75,1.00
2015.12.11 12:11:08.654,1.40842,1.40874,1.75,1.07
2015.12.11 12:11:09.245,1.40843,1.40873,1.75,1.10
2015.12.11 12:11:09.606,1.40843,1.40873,1.75,1.07
2015.12.11 12:11:09.911,1.40842,1.40869,1.75,1.00
2015.12.11 12:11:10.214,1.40838,1.40866,3.00,1.00
2015.12.11 12:11:10.566,1.40838,1.40868,3.00,1.00
2015.12.11 12:11:11.091,1.40841,1.40869,1.75,1.00
2015.12.11 12:11:11.596,1.40841,1.40868,1.75,1.00
2015.12.11 12:11:11.849,1.40841,1.40868,2.25,1.00
2015.12.11 12:11:12.863,1.40841,1.40867,2.25,1.00
2015.12.11 12:11:12.969,1.40841,1.40873,2.25,1.12
2015.12.11 12:11:13.071,1.40841,1.40869,1.75,1.00
2015.12.11 12:11:13.612,1.40844,1.40869,1.75,1.00
2015.12.11 12:11:13.663,1.40844,1.40873,1.75,1.10
2015.12.11 12:11:14.175,1.40844,1.40869,1.75,1.00
2015.12.11 12:11:14.377,1.40844,1.40869,1.50,1.00
2015.12.11 12:11:15.162,1.40845,1.40868,1.12,1.00
2015.12.11 12:11:15.213,1.40845,1.40868,1.50,1.00
2015.12.11 12:11:16.129,1.40843,1.40868,1.75,1.00
2015.12.11 12:11:18.745,1.40842,1.40867,1.75,1.00
2015.12.11 12:11:19.193,1.40841,1.40866,2.25,1.00
2015.12.11 12:11:19.294,1.40842,1.40868,1.50,1.00
2015.12.11 12:11:19.445,1.40842,1.40869,1.75,1.00
2015.12.11 12:11:19.546,1.40841,1.40869,2.25,1.00
2015.12.11 12:11:19.698,1.40841,1.40873,2.25,1.07
2015.12.11 12:11:19.849,1.40843,1.40873,1.75,1.07
2015.12.11 12:11:20.870,1.40842,1.40873,1.75,1.07
2015.12.11 12:11:21.282,1.4084,1.40869,1.75,1.00
2015.12.11 12:11:21.334,1.4084,1.40874,1.75,1.07
2015.12.11 12:11:21.435,1.40841,1.4087,1.75,1.00
2015.12.11 12:11:21.637,1.40838,1.40874,1.75,1.10
2015.12.11 12:11:21.738,1.40838,1.40874,1.75,1.12
2015.12.11 12:11:22.243,1.40841,1.40873,1.75,1.10
2015.12.11 12:11:22.293,1.40841,1.40873,1.75,1.00
2015.12.11 12:11:22.945,1.40841,1.40874,1.75,1.00
2015.12.11 12:11:23.253,1.40841,1.40872,2.25,1.00
2015.12.11 12:11:23.759,1.40841,1.40873,2.25,1.00
2015.12.11 12:11:24.170,1.40841,1.40871,1.75,1.00
2015.12.11 12:11:24.480,1.40842,1.40874,1.75,1.10
2015.12.11 12:11:24.581,1.40842,1.40872,1.75,1.00
2015.12.11 12:11:25.228,1.4084,1.40873,1.75,1.10
2015.12.11 12:11:25.538,1.4084,1.40869,2.25,1.00
2015.12.11 12:11:26.043,1.40843,1.4087,1.75,1.00
2015.12.11 12:11:26.695,1.40839,1.40869,1.75,1.00
2015.12.11 12:11:26.796,1.40839,1.40874,1.75,1.12
2015.12.11 12:11:26.897,1.40839,1.40874,1.75,1.12
2015.12.11 12:11:26.998,1.40843,1.40874,1.50,1.07
2015.12.11 12:11:27.792,1.40841,1.40868,1.75,1.00
2015.12.11 12:11:27.898,1.40841,1.40868,1.37,1.00
2015.12.11 12:11:27.999,1.40841,1.40873,1.37,1.00
2015.12.11 12:11:28.200,1.4084,1.40868,1.50,1.00
2015.12.11 12:11:28.503,1.40842,1.40867,1.50,1.00
2015.12.11 12:11:29.071,1.40838,1.40867,2.25,1.00
2015.12.11 12:11:29.578,1.40838,1.40867,2.25,1.00
2015.12.11 12:11:31.423,1.40838,1.40873,2.25,1.12
2015.12.11 12:11:31.960,1.40842,1.40874,1.50,1.12
2015.12.11 12:11:36.067,1.4086,1.4089,1.10,1.75
2015.12.11 12:11:36.370,1.4086,1.4089,1.50,1.75
2015.12.11 12:11:36.730,1.4086,1.4089,1.75,1.12
2015.12.11 12:11:37.373,1.40861,1.40897,1.75,1.75
2015.12.11 12:11:37.474,1.40862,1.40898,1.42,1.75
2015.12.11 12:11:37.777,1.40863,1.409,2.25,1.87
2015.12.11 12:11:40.067,1.40863,1.40895,2.25,1.00
2015.12.11 12:11:40.370,1.4087,1.40897,1.12,2.25
2015.12.11 12:11:40.710,1.40863,1.409,2.17,1.12
2015.12.11 12:11:40.761,1.40864,1.40901,1.75,1.37
2015.12.11 12:11:41.115,1.40865,1.40901,1.75,1.37
2015.12.11 12:11:50.428,1.40865,1.40898,1.75,1.37
2015.12.11 12:11:50.866,1.40865,1.40898,1.37,1.50
2015.12.11 12:11:53.766,1.40862,1.40898,1.75,1.75
2015.12.11 12:11:54.166,1.40862,1.40898,1.37,1.75
2015.12.11 12:12:11.250,1.40862,1.40899,1.50,1.75
2015.12.11 12:12:13.201,1.40862,1.40899,1.50,1.75
2015.12.11 12:12:13.727,1.40863,1.40899,1.50,1.75
2015.12.11 12:12:17.887,1.40863,1.40897,2.25,1.50
2015.12.11 12:12:18.933,1.40864,1.40899,1.75,2.25
2015.12.11 12:12:19.034,1.40864,1.40899,1.75,1.10
2015.12.11 12:12:19.678,1.40865,1.40902,1.75,1.37
2015.12.11 12:12:21.600,1.40866,1.40903,1.75,1.37
2015.12.11 12:12:29.949,1.40868,1.40905,2.25,1.37
2015.12.11 12:12:30.536,1.40868,1.40905,2.25,1.37
2015.12.11 12:12:40.807,1.4087,1.40907,1.75,1.12
2015.12.11 12:12:41.840,1.40871,1.40907,2.17,1.10
2015.12.11 12:12:45.363,1.40876,1.40909,1.75,1.10
2015.12.11 12:12:45.464,1.4088,1.40912,1.75,1.87
2015.12.11 12:12:45.565,1.4088,1.40914,3.00,1.00
2015.12.11 12:12:45.616,1.40882,1.40919,1.75,1.12
2015.12.11 12:12:45.667,1.4089,1.40919,1.07,1.07
2015.12.11 12:12:45.768,1.40884,1.40924,1.75,1.87
2015.12.11 12:12:46.302,1.40886,1.40928,1.50,1.50
2015.12.11 12:12:46.453,1.40883,1.40923,1.75,1.75
2015.12.11 12:12:46.554,1.40883,1.40925,1.75,1.50
2015.12.11 12:12:46.656,1.40883,1.40929,1.75,1.37
2015.12.11 12:12:47.662,1.40883,1.40931,1.75,1.75
2015.12.11 12:12:51.658,1.40876,1.40927,1.75,1.75
2015.12.11 12:12:52.039,1.40876,1.40927,1.75,1.75
2015.12.11 12:12:52.844,1.40877,1.40925,1.75,1.75
2015.12.11 12:12:53.237,1.40874,1.40921,1.75,1.07
2015.12.11 12:12:53.339,1.40873,1.40917,1.75,1.00
2015.12.11 12:12:53.641,1.40874,1.40913,1.37,1.50
2015.12.11 12:12:54.045,1.40875,1.40916,1.50,1.07
2015.12.11 12:12:56.891,1.40875,1.40916,1.75,1.75
2015.12.11 12:13:00.645,1.40874,1.40919,1.75,2.25
2015.12.11 12:13:03.054,1.40873,1.40916,1.75,2.25
2015.12.11 12:13:03.357,1.40874,1.40915,1.75,1.75
2015.12.11 12:13:06.918,1.40874,1.40919,1.75,2.25
2015.12.11 12:13:11.384,1.40876,1.40916,1.75,1.75
2015.12.11 12:13:11.690,1.40877,1.4092,1.75,1.75
2015.12.11 12:13:12.601,1.40878,1.40921,1.75,1.75
2015.12.11 12:13:12.752,1.40878,1.40921,1.75,1.75
2015.12.11 12:13:13.601,1.40879,1.4092,1.75,1.07
2015.12.11 12:13:14.459,1.4088,1.40917,1.75,1.00
2015.12.11 12:13:15.659,1.4088,1.40922,3.00,1.37
2015.12.11 12:13:23.930,1.40886,1.40922,1.75,1.37
2015.12.11 12:13:27.157,1.40883,1.40923,3.00,1.12
2015.12.11 12:13:27.259,1.40883,1.40924,1.75,1.50
2015.12.11 12:13:27.713,1.40883,1.40921,1.75,1.12
2015.12.11 12:13:28.358,1.40884,1.40927,1.75,1.75
2015.12.11 12:13:29.681,1.40885,1.40928,2.25,1.75
2015.12.11 12:13:29.984,1.40884,1.40927,1.75,1.75
2015.12.11 12:13:30.288,1.40883,1.40926,1.75,1.75
2015.12.11 12:13:30.641,1.40883,1.40926,1.75,1.75
2015.12.11 12:13:31.298,1.40883,1.40921,1.75,1.75
2015.12.11 12:13:31.450,1.40883,1.40918,1.75,1.37
2015.12.11 12:13:31.551,1.40883,1.40918,1.75,1.50
2015.12.11 12:13:31.853,1.40883,1.40918,1.75,1.07
2015.12.11 12:13:32.760,1.40881,1.40926,1.75,2.25
2015.12.11 12:13:33.314,1.40881,1.40924,1.75,1.75
2015.12.11 12:13:38.683,1.40883,1.40923,1.75,1.75
2015.12.11 12:13:39.184,1.40885,1.40923,1.75,1.50
2015.12.11 12:13:40.206,1.40884,1.40924,1.75,1.37
2015.12.11 12:13:40.510,1.40885,1.40924,1.75,1.07
2015.12.11 12:13:40.994,1.40889,1.40929,1.75,1.37
2015.12.11 12:13:41.667,1.40892,1.40929,1.75,1.07
2015.12.11 12:13:42.534,1.40889,1.40931,3.00,1.37
2015.12.11 12:13:43.088,1.40892,1.40932,1.75,1.87
2015.12.11 12:13:49.119,1.40895,1.40932,2.25,1.00
2015.12.11 12:13:49.270,1.409,1.40933,1.75,1.00
2015.12.11 12:13:49.573,1.40906,1.40938,1.75,1.00
2015.12.11 12:13:49.887,1.40906,1.40939,1.75,1.10
2015.12.11 12:13:50.739,1.40907,1.4094,1.75,1.10
2015.12.11 12:13:51.092,1.40909,1.40943,1.75,1.00
2015.12.11 12:13:53.138,1.4091,1.40944,1.50,1.50
2015.12.11 12:13:54.525,1.40909,1.40944,1.75,1.50
2015.12.11 12:13:55.047,1.40912,1.40944,1.42,1.00
2015.12.11 12:13:56.172,1.40906,1.4094,1.75,1.00
2015.12.11 12:13:56.694,1.40906,1.40939,1.75,1.57
2015.12.11 12:13:56.997,1.40904,1.4094,1.75,2.62
2015.12.11 12:13:57.300,1.409,1.40938,1.75,1.75
2015.12.11 12:13:57.840,1.40898,1.40934,2.25,1.50
2015.12.11 12:13:58.961,1.40896,1.40931,1.75,1.50
2015.12.11 12:13:59.062,1.40896,1.40931,1.37,1.50
2015.12.11 12:14:00.041,1.40895,1.40933,1.75,1.75
2015.12.11 12:14:05.377,1.40896,1.40931,1.37,2.25
2015.12.11 12:14:11.178,1.40895,1.40928,1.50,1.37
2015.12.11 12:14:11.280,1.40895,1.40928,1.10,1.12
2015.12.11 12:14:14.602,1.40896,1.40926,1.00,1.07
2015.12.11 12:14:45.502,1.40895,1.40927,1.10,1.07
2015.12.11 12:14:47.046,1.40896,1.40928,1.00,1.12
2015.12.11 12:14:48.138,1.40895,1.40928,1.10,1.12
2015.12.11 12:14:48.703,1.40896,1.40931,1.10,1.50
2015.12.11 12:15:00.742,1.40896,1.40929,1.07,1.87
2015.12.11 12:15:43.433,1.40896,1.40931,1.10,1.50
2015.12.11 12:15:48.098,1.40895,1.4093,1.12,1.87
2015.12.11 12:15:50.619,1.40894,1.40931,2.25,1.75
2015.12.11 12:15:50.720,1.40894,1.40931,1.75,1.37
2015.12.11 12:15:54.250,1.409,1.40935,1.75,1.75
2015.12.11 12:15:54.818,1.40895,1.40934,3.75,1.50
2015.12.11 12:15:59.099,1.40897,1.40935,1.75,1.12
2015.12.11 12:15:59.206,1.40897,1.40935,2.25,1.12
2015.12.11 12:16:06.752,1.40897,1.40936,2.25,1.37
2015.12.11 12:16:10.531,1.40899,1.40935,1.75,1.37
2015.12.11 12:16:10.733,1.40898,1.40939,1.75,1.75
2015.12.11 12:16:10.857,1.40898,1.40939,1.75,1.50
2015.12.11 12:16:17.203,1.409,1.40939,1.75,1.37
2015.12.11 12:16:17.665,1.40903,1.40939,1.75,1.37
2015.12.11 12:16:19.010,1.40905,1.40935,1.75,1.00
2015.12.11 12:16:21.040,1.40904,1.40936,1.75,1.00
2015.12.11 12:16:21.547,1.40904,1.40936,1.75,1.00
2015.12.11 12:16:22.798,1.40905,1.40935,1.75,1.00
2015.12.11 12:16:22.849,1.40905,1.40935,1.75,1.10
2015.12.11 12:16:23.604,1.40905,1.40936,1.75,1.10
2015.12.11 12:16:27.727,1.40902,1.40935,1.75,1.00
2015.12.11 12:16:27.828,1.40901,1.40933,2.25,1.00
2015.12.11 12:16:28.131,1.40902,1.40936,1.75,1.37
2015.12.11 12:16:29.455,1.40901,1.40933,1.75,1.37
2015.12.11 12:16:33.943,1.40899,1.40932,2.25,1.12
2015.12.11 12:16:40.425,1.40897,1.40927,1.75,1.00
2015.12.11 12:16:45.046,1.40897,1.40927,1.75,1.07
2015.12.11 12:16:46.409,1.40897,1.40927,1.75,1.00
2015.12.11 12:16:49.233,1.40901,1.40936,1.12,2.62
2015.12.11 12:16:49.632,1.40903,1.40935,2.25,1.37
2015.12.11 12:16:49.685,1.40903,1.40935,2.25,1.07
2015.12.11 12:16:52.026,1.40901,1.40933,2.25,1.00
2015.12.11 12:16:52.540,1.40902,1.40935,1.75,1.07
2015.12.11 12:16:57.248,1.40899,1.40931,3.00,1.00
2015.12.11 12:16:57.299,1.409,1.40933,1.75,1.00
2015.12.11 12:16:57.349,1.40899,1.40931,2.25,1.00
2015.12.11 12:16:57.932,1.40899,1.40931,2.25,1.10
2015.12.11 12:16:59.131,1.40902,1.40931,1.75,1.00
2015.12.11 12:16:59.333,1.40903,1.40935,1.50,1.12
2015.12.11 12:17:02.712,1.40901,1.40931,1.75,1.00
2015.12.11 12:17:03.396,1.40902,1.40935,1.37,1.50
2015.12.11 12:17:08.488,1.40903,1.40935,1.50,1.12
2015.12.11 12:17:14.043,1.409,1.40931,1.75,1.00
2015.12.11 12:17:15.770,1.40901,1.40936,1.75,1.37
2015.12.11 12:17:19.762,1.40904,1.40931,1.37,1.00
2015.12.11 12:17:20.079,1.40901,1.40936,2.25,1.37
2015.12.11 12:17:21.625,1.40904,1.40931,1.75,1.00
2015.12.11 12:17:27.883,1.40903,1.40935,1.75,1.12
2015.12.11 12:17:28.636,1.40903,1.40935,1.75,1.07
2015.12.11 12:17:30.690,1.40903,1.40933,1.75,1.00
2015.12.11 12:17:30.993,1.40904,1.40931,1.75,1.00
2015.12.11 12:17:34.504,1.40904,1.40932,1.75,1.00
2015.12.11 12:17:34.605,1.40903,1.40938,2.25,1.37
2015.12.11 12:17:35.759,1.40906,1.40936,1.75,1.10
2015.12.11 12:17:36.401,1.40908,1.4094,1.75,1.07
2015.12.11 12:17:39.654,1.40906,1.40936,1.75,1.00
2015.12.11 12:17:41.466,1.40905,1.40935,1.75,1.00
2015.12.11 12:17:46.967,1.40913,1.40941,1.07,1.50
2015.12.11 12:17:47.289,1.40913,1.40945,1.12,1.75
2015.12.11 12:17:52.068,1.40909,1.40941,1.75,1.07
2015.12.11 12:17:52.364,1.40908,1.40941,1.50,1.87
2015.12.11 12:17:53.922,1.40905,1.40935,1.75,1.00
2015.12.11 12:17:55.951,1.40905,1.40937,1.75,1.10
2015.12.11 12:18:11.170,1.40903,1.40936,1.75,1.10
2015.12.11 12:18:12.162,1.40903,1.40935,1.75,1.00
2015.12.11 12:18:12.364,1.40903,1.40933,1.75,1.00
2015.12.11 12:18:12.702,1.409,1.40933,2.25,1.07
2015.12.11 12:18:15.911,1.40898,1.40931,3.00,1.12
2015.12.11 12:18:16.414,1.409,1.40932,1.50,1.37
2015.12.11 12:18:18.237,1.40899,1.4093,1.12,1.37
2015.12.11 12:18:25.721,1.40897,1.40932,1.87,1.75
2015.12.11 12:18:36.164,1.40897,1.4093,2.25,1.37
2015.12.11 12:18:37.891,1.40897,1.4093,2.25,1.12
2015.12.11 12:18:42.840,1.40897,1.4093,1.87,1.37
2015.12.11 12:18:44.422,1.40897,1.4093,2.25,1.37
2015.12.11 12:18:52.184,1.40897,1.40928,1.50,1.37
2015.12.11 12:18:53.070,1.40897,1.4093,2.25,1.12
2015.12.11 12:18:56.259,1.40898,1.40929,1.87,1.37
2015.12.11 12:18:56.956,1.40896,1.40927,2.62,1.12
2015.12.11 12:19:05.959,1.40897,1.40927,1.12,1.07
2015.12.11 12:19:12.980,1.40897,1.40927,1.75,1.07
2015.12.11 12:19:22.879,1.40897,1.4093,2.25,1.12
2015.12.11 12:19:25.569,1.40901,1.40934,1.12,1.50
2015.12.11 12:19:31.381,1.40902,1.40933,1.37,1.12
2015.12.11 12:19:36.294,1.40901,1.40929,1.50,1.00
2015.12.11 12:19:36.597,1.40903,1.40935,1.75,1.12
2015.12.11 12:19:37.995,1.40903,1.40935,1.75,1.07
2015.12.11 12:19:38.970,1.40902,1.40931,1.75,1.00
2015.12.11 12:19:39.072,1.40902,1.40936,1.75,1.12
2015.12.11 12:19:39.173,1.40902,1.40936,1.50,1.37
2015.12.11 12:19:45.488,1.40901,1.4093,1.75,1.00
2015.12.11 12:19:45.590,1.40898,1.40928,1.75,1.00
2015.12.11 12:19:45.892,1.40898,1.40928,1.75,1.10
2015.12.11 12:19:46.419,1.40898,1.40927,1.75,1.00
2015.12.11 12:19:47.389,1.40898,1.40927,1.75,1.07
2015.12.11 12:19:58.198,1.40896,1.40927,3.00,1.07
2015.12.11 12:20:00.175,1.40894,1.40926,1.75,1.07
2015.12.11 12:20:01.417,1.40894,1.40926,1.75,1.07
2015.12.11 12:20:07.223,1.40894,1.40923,1.37,1.00
2015.12.11 12:20:08.619,1.40898,1.40929,1.10,1.37
2015.12.11 12:20:09.169,1.40894,1.40925,1.50,1.10
2015.12.11 12:20:09.270,1.40893,1.40924,1.12,1.10
2015.12.11 12:20:10.225,1.40893,1.40923,1.12,1.00
2015.12.11 12:20:27.148,1.40893,1.40925,1.87,1.07
2015.12.11 12:20:31.287,1.40893,1.40923,1.12,1.00
2015.12.11 12:20:32.367,1.40892,1.40926,1.87,1.07
2015.12.11 12:20:39.614,1.40893,1.40925,1.10,1.12
2015.12.11 12:20:43.216,1.40885,1.40918,1.87,1.00
2015.12.11 12:20:43.368,1.40889,1.40921,1.00,1.07
2015.12.11 12:20:43.419,1.40886,1.40924,1.07,1.87
2015.12.11 12:20:43.470,1.40886,1.40924,1.12,1.87
2015.12.11 12:20:43.937,1.40883,1.40914,1.50,1.00
2015.12.11 12:20:43.988,1.4088,1.40914,2.25,1.00
2015.12.11 12:20:44.306,1.4088,1.40914,2.25,1.07
2015.12.11 12:20:44.811,1.40882,1.40916,1.75,1.37
2015.12.11 12:20:45.535,1.40883,1.40915,1.37,1.00
2015.12.11 12:20:45.687,1.40883,1.40915,1.75,1.00
2015.12.11 12:20:46.243,1.40881,1.40914,1.75,1.00
2015.12.11 12:20:46.900,1.40881,1.40914,2.25,1.10
2015.12.11 12:20:47.105,1.40881,1.40913,3.00,1.00
2015.12.11 12:20:47.408,1.40881,1.40913,2.25,1.10
2015.12.11 12:20:48.724,1.4088,1.40914,2.25,1.37
2015.12.11 12:20:49.178,1.4088,1.40914,2.25,1.07
2015.12.11 12:20:50.415,1.40879,1.40912,1.75,1.07
2015.12.11 12:20:50.517,1.4088,1.40911,2.25,1.07
2015.12.11 12:20:53.818,1.4088,1.40911,2.25,1.12
2015.12.11 12:20:54.108,1.40877,1.4091,3.00,1.12
2015.12.11 12:21:03.497,1.40875,1.40903,1.75,1.00
2015.12.11 12:21:03.598,1.40874,1.40901,1.75,1.00
2015.12.11 12:21:04.043,1.40874,1.40902,1.37,1.10
2015.12.11 12:21:04.560,1.40874,1.40901,1.37,1.00
2015.12.11 12:21:05.608,1.40871,1.40902,1.75,1.10
2015.12.11 12:21:05.658,1.40871,1.40902,1.50,1.07
2015.12.11 12:21:06.365,1.40873,1.40906,1.75,1.12
2015.12.11 12:21:07.326,1.40873,1.40906,1.50,1.00
2015.12.11 12:21:07.427,1.40875,1.40906,2.25,1.10
2015.12.11 12:21:07.730,1.40875,1.40903,2.25,1.10
2015.12.11 12:21:08.859,1.40875,1.40906,2.25,1.10
2015.12.11 12:21:09.010,1.40875,1.40903,1.75,1.00
2015.12.11 12:21:09.641,1.40875,1.40904,1.50,1.10
2015.12.11 12:21:09.742,1.40873,1.40906,2.25,1.37
2015.12.11 12:21:10.106,1.40872,1.40901,1.37,1.07
2015.12.11 12:21:11.070,1.40873,1.40904,2.25,1.07
2015.12.11 12:21:11.172,1.40874,1.40905,1.75,1.12
2015.12.11 12:21:12.283,1.40873,1.40904,2.25,1.10
2015.12.11 12:21:12.805,1.40875,1.40903,1.50,1.00
2015.12.11 12:21:13.375,1.40875,1.40903,1.75,1.00
2015.12.11 12:21:13.735,1.40875,1.40906,1.75,1.10
2015.12.11 12:21:14.938,1.40875,1.40904,1.75,1.00
2015.12.11 12:21:15.492,1.40875,1.40904,1.75,1.07
2015.12.11 12:21:18.708,1.40875,1.40901,1.75,1.00
2015.12.11 12:21:19.053,1.40873,1.40908,1.75,1.37
2015.12.11 12:21:19.104,1.40872,1.40908,1.75,1.75
2015.12.11 12:21:19.652,1.4087,1.40905,2.25,1.37
2015.12.11 12:21:21.187,1.40872,1.4091,1.75,1.75
2015.12.11 12:21:21.964,1.40872,1.4091,1.75,1.75
2015.12.11 12:21:22.241,1.40872,1.4091,1.75,1.75
2015.12.11 12:21:25.246,1.40873,1.40905,1.50,1.12
2015.12.11 12:21:40.316,1.4087,1.40905,1.75,1.37
2015.12.11 12:21:41.628,1.4087,1.40905,1.75,1.37
2015.12.11 12:21:41.981,1.4087,1.40905,1.50,1.50
2015.12.11 12:21:43.215,1.4087,1.40905,1.50,1.75
2015.12.11 12:21:43.765,1.40871,1.4091,1.37,1.75
2015.12.11 12:22:02.769,1.4087,1.40906,1.50,1.75
2015.12.11 12:22:05.387,1.40871,1.4091,1.37,1.75
2015.12.11 12:22:11.032,1.40872,1.40904,1.07,1.37
2015.12.11 12:22:11.470,1.40871,1.40903,1.07,1.37
2015.12.11 12:22:26.851,1.4087,1.40903,1.12,1.12
2015.12.11 12:22:29.396,1.4087,1.40905,1.50,1.75
2015.12.11 12:22:30.729,1.40872,1.40906,1.50,1.75
2015.12.11 12:22:37.066,1.40873,1.4091,1.12,1.75
2015.12.11 12:22:47.298,1.4087,1.40905,2.25,1.50
2015.12.11 12:22:49.166,1.40871,1.40909,1.75,1.75
2015.12.11 12:22:56.986,1.40871,1.40909,1.75,1.75
2015.12.11 12:23:00.712,1.40874,1.40912,1.87,1.75
2015.12.11 12:23:00.826,1.40874,1.40912,2.25,1.75
2015.12.11 12:23:01.596,1.40874,1.40911,1.50,2.25
2015.12.11 12:23:19.875,1.40874,1.4091,1.12,1.75
2015.12.11 12:23:31.326,1.40875,1.4091,1.07,1.75
2015.12.11 12:24:20.835,1.40875,1.40911,1.12,1.75
2015.12.11 12:24:24.989,1.40875,1.40913,1.07,1.75
2015.12.11 12:24:25.090,1.40874,1.40913,1.12,1.75
2015.12.11 12:24:25.444,1.40869,1.4091,2.25,1.50
2015.12.11 12:24:25.545,1.40869,1.40905,1.75,1.07
2015.12.11 12:24:26.006,1.4087,1.40907,1.75,1.12
2015.12.11 12:24:26.532,1.4087,1.40907,1.75,1.12
2015.12.11 12:24:28.513,1.40871,1.40907,1.75,1.07
2015.12.11 12:24:32.030,1.40875,1.40909,1.50,1.07
2015.12.11 12:24:32.536,1.40875,1.40913,1.75,1.37
2015.12.11 12:24:32.587,1.40878,1.40914,1.07,1.12
2015.12.11 12:24:32.788,1.40878,1.40917,2.25,1.37
2015.12.11 12:24:33.233,1.40881,1.40918,2.25,1.12
2015.12.11 12:24:33.586,1.40881,1.40918,2.25,1.07
2015.12.11 12:24:33.788,1.40881,1.4092,1.75,1.07
2015.12.11 12:24:33.890,1.40886,1.40923,1.50,1.50
2015.12.11 12:24:34.243,1.40884,1.40924,1.75,1.37
2015.12.11 12:24:34.634,1.40887,1.40925,1.75,1.50
2015.12.11 12:24:34.787,1.40887,1.40925,1.00,1.07
2015.12.11 12:24:34.888,1.40885,1.40924,1.00,1.50
2015.12.11 12:24:35.140,1.40878,1.40933,1.00,1.75
2015.12.11 12:24:35.344,1.40878,1.40933,1.07,1.75
2015.12.11 12:24:36.451,1.40877,1.40915,1.87,1.50
2015.12.11 12:24:36.774,1.40879,1.40915,1.75,1.87
2015.12.11 12:24:37.101,1.40879,1.40915,1.75,1.87
2015.12.11 12:24:37.304,1.40879,1.40915,1.75,1.87
2015.12.11 12:24:37.405,1.40877,1.40912,1.75,1.12
2015.12.11 12:24:38.524,1.40875,1.40909,1.42,1.57
2015.12.11 12:24:39.611,1.40875,1.40909,1.42,1.87
2015.12.11 12:24:39.919,1.40872,1.40907,1.42,1.87
2015.12.11 12:24:40.817,1.4087,1.40907,1.75,1.87
2015.12.11 12:24:41.941,1.4088,1.4091,1.37,1.75
2015.12.11 12:24:42.724,1.40871,1.40908,3.00,1.07
2015.12.11 12:24:42.825,1.40872,1.40907,1.75,1.12
2015.12.11 12:24:43.375,1.4087,1.40908,2.17,1.12
2015.12.11 12:24:45.150,1.40871,1.40907,1.75,1.07
2015.12.11 12:24:45.252,1.40871,1.4091,1.75,1.12
2015.12.11 12:24:45.789,1.40874,1.40909,1.75,1.12
2015.12.11 12:24:45.890,1.40874,1.40911,1.75,1.07
2015.12.11 12:24:49.868,1.40877,1.40911,1.75,1.07
2015.12.11 12:24:49.969,1.40877,1.40914,1.75,1.87
2015.12.11 12:24:50.732,1.40877,1.40915,1.75,1.87
2015.12.11 12:24:51.274,1.40877,1.40914,2.25,1.87
2015.12.11 12:24:51.797,1.40877,1.40912,2.25,1.07
2015.12.11 12:24:52.503,1.40885,1.40913,1.37,1.75
2015.12.11 12:24:52.604,1.4089,1.40917,1.10,1.75
2015.12.11 12:24:52.811,1.4089,1.4092,1.12,1.75
2015.12.11 12:24:53.504,1.4089,1.40917,1.00,1.00
2015.12.11 12:24:53.555,1.40882,1.40917,1.00,1.50
2015.12.11 12:24:53.606,1.40881,1.40917,1.87,1.87
2015.12.11 12:24:53.707,1.40881,1.40915,1.37,1.50
2015.12.11 12:24:54.261,1.40878,1.40915,2.25,1.57
2015.12.11 12:24:55.011,1.4088,1.40915,1.75,1.07
2015.12.11 12:24:55.516,1.40879,1.40918,2.25,1.37
2015.12.11 12:24:56.123,1.40879,1.40918,1.75,1.50
2015.12.11 12:24:57.795,1.40878,1.40915,1.75,1.37
2015.12.11 12:24:58.005,1.40876,1.40912,1.75,1.12
2015.12.11 12:24:58.207,1.40874,1.40917,1.75,2.25
2015.12.11 12:24:58.308,1.40873,1.40917,1.37,2.25
2015.12.11 12:24:58.460,1.40874,1.4092,1.75,1.75
2015.12.11 12:24:59.101,1.40875,1.40916,1.75,1.75
2015.12.11 12:25:04.727,1.40872,1.40907,1.75,1.00
2015.12.11 12:25:05.030,1.40872,1.40907,2.25,1.12
2015.12.11 12:25:05.247,1.40872,1.40907,2.25,1.37
2015.12.11 12:25:05.804,1.40872,1.40907,1.75,1.75
2015.12.11 12:25:06.445,1.40865,1.40904,1.75,3.37
2015.12.11 12:25:06.496,1.40865,1.40903,1.75,1.75
2015.12.11 12:25:06.818,1.40861,1.409,1.75,1.75
2015.12.11 12:25:07.474,1.40861,1.40898,1.50,1.75
2015.12.11 12:25:10.655,1.40861,1.40899,1.75,2.25
2015.12.11 12:25:17.479,1.40859,1.40901,2.25,2.25
2015.12.11 12:25:17.681,1.40859,1.40898,2.25,1.75
2015.12.11 12:25:17.783,1.40859,1.409,1.57,1.75
2015.12.11 12:25:17.935,1.40859,1.40898,1.75,1.75
2015.12.11 12:25:18.238,1.4086,1.40899,1.75,1.75
2015.12.11 12:25:19.884,1.40861,1.409,1.75,1.75
2015.12.11 12:25:20.232,1.40862,1.40902,1.75,1.50
2015.12.11 12:25:20.334,1.40866,1.40904,1.75,1.75
2015.12.11 12:25:20.435,1.40866,1.40904,1.75,1.75
2015.12.11 12:25:21.461,1.40866,1.40905,1.75,2.25
2015.12.11 12:25:23.102,1.40866,1.40904,1.75,1.75
2015.12.11 12:25:23.748,1.40866,1.409,1.75,1.07
2015.12.11 12:25:28.994,1.40868,1.40905,1.75,1.37
2015.12.11 12:25:34.433,1.40872,1.40905,1.37,1.37
2015.12.11 12:26:03.032,1.40872,1.40904,1.37,1.37
2015.12.11 12:26:09.560,1.4087,1.40903,1.50,1.12
2015.12.11 12:26:12.859,1.4087,1.40905,2.25,1.87
2015.12.11 12:26:18.701,1.40872,1.40906,1.37,3.00
2015.12.11 12:26:20.235,1.40872,1.40906,1.37,1.07
2015.12.11 12:26:25.965,1.40873,1.40908,1.12,1.57
2015.12.11 12:26:27.399,1.40873,1.40905,1.12,1.00
2015.12.11 12:26:31.443,1.40873,1.40905,1.07,1.07
2015.12.11 12:26:39.329,1.40871,1.40903,1.37,1.00
2015.12.11 12:26:40.148,1.40871,1.40905,1.37,2.62
2015.12.11 12:26:56.123,1.40872,1.40906,1.37,2.62
2015.12.11 12:27:07.654,1.40873,1.40907,1.07,1.57
2015.12.11 12:27:13.607,1.40873,1.40907,1.12,1.07
2015.12.11 12:27:22.532,1.40874,1.40909,2.25,1.50
2015.12.11 12:27:23.331,1.40875,1.40909,1.80,1.50
2015.12.11 12:27:23.658,1.40878,1.40909,1.42,1.50
2015.12.11 12:27:25.125,1.40878,1.40909,1.42,2.32
2015.12.11 12:27:25.276,1.40874,1.40907,2.25,1.00
2015.12.11 12:27:25.328,1.40874,1.40905,1.50,1.00
2015.12.11 12:27:25.429,1.40874,1.40907,1.37,1.10
2015.12.11 12:27:25.838,1.40874,1.40907,1.50,1.07
2015.12.11 12:27:26.141,1.40875,1.40908,1.75,1.87
2015.12.11 12:27:27.103,1.40875,1.40908,1.75,1.07
2015.12.11 12:27:30.448,1.40876,1.4091,1.42,2.25
2015.12.11 12:27:31.249,1.40876,1.40909,1.42,1.00
2015.12.11 12:27:31.401,1.40874,1.40908,2.25,1.07
2015.12.11 12:27:31.705,1.40873,1.40906,1.75,1.07
2015.12.11 12:27:31.756,1.40872,1.40905,3.67,1.10
2015.12.11 12:27:32.209,1.40872,1.40906,2.25,1.12
2015.12.11 12:27:32.524,1.40871,1.40906,1.75,1.12
2015.12.11 12:27:32.738,1.4087,1.409,1.75,1.00
2015.12.11 12:27:32.839,1.40867,1.409,1.07,2.25
2015.12.11 12:27:32.940,1.40865,1.409,1.12,1.75
2015.12.11 12:27:34.631,1.40861,1.40895,1.75,3.00
2015.12.11 12:27:34.917,1.40862,1.40892,1.07,1.37
2015.12.11 12:27:35.572,1.40862,1.40892,1.00,1.75
2015.12.11 12:27:37.836,1.40861,1.40894,1.10,1.75
2015.12.11 12:27:41.550,1.40861,1.40892,1.07,1.75
2015.12.11 12:27:57.014,1.40862,1.40894,1.10,1.75
2015.12.11 12:27:57.902,1.40861,1.40893,1.07,1.75
2015.12.11 12:27:59.932,1.40863,1.40894,1.00,2.25
2015.12.11 12:28:00.235,1.4086,1.40895,1.37,1.75
2015.12.11 12:28:15.692,1.4086,1.40895,1.37,1.75
2015.12.11 12:28:20.389,1.40856,1.4089,1.75,1.50
2015.12.11 12:28:21.244,1.40856,1.40889,2.25,1.57
2015.12.11 12:28:21.447,1.40856,1.40889,1.75,2.25
2015.12.11 12:28:22.111,1.40856,1.40889,1.75,2.25
2015.12.11 12:28:23.579,1.40854,1.40888,1.75,1.75
2015.12.11 12:28:35.083,1.40853,1.40888,2.25,2.25
2015.12.11 12:28:35.185,1.40853,1.40885,1.75,1.05
2015.12.11 12:28:35.336,1.40852,1.40878,1.50,1.42
2015.12.11 12:28:35.411,1.40852,1.40878,1.50,1.42
2015.12.11 12:28:35.673,1.40854,1.40884,1.00,1.42
2015.12.11 12:28:35.774,1.40854,1.40884,1.10,1.42
2015.12.11 12:28:35.977,1.40854,1.40885,1.10,1.12
2015.12.11 12:28:36.621,1.40854,1.40885,1.07,1.12
2015.12.11 12:28:41.131,1.40855,1.40888,1.12,1.75
2015.12.11 12:28:44.761,1.40855,1.40888,1.50,1.75
2015.12.11 12:28:46.851,1.40855,1.40888,1.75,1.75
2015.12.11 12:28:47.003,1.40855,1.40888,1.75,1.12
2015.12.11 12:28:50.611,1.40855,1.40888,1.50,1.75
2015.12.11 12:28:53.564,1.40855,1.40888,1.50,1.75
2015.12.11 12:28:57.873,1.40859,1.40888,1.07,1.75
2015.12.11 12:28:58.727,1.40859,1.40888,1.10,1.75
2015.12.11 12:29:00.386,1.40859,1.40888,1.10,1.75
2015.12.11 12:29:28.790,1.4086,1.40889,1.00,2.25
2015.12.11 12:29:31.549,1.40863,1.4089,1.00,2.25
2015.12.11 12:29:31.801,1.40867,1.40897,1.07,1.37
2015.12.11 12:29:31.852,1.40867,1.40897,1.50,1.07
2015.12.11 12:29:32.104,1.40874,1.40906,1.37,1.10
2015.12.11 12:29:40.246,1.40878,1.40907,1.00,1.00
2015.12.11 12:29:40.297,1.40877,1.40899,1.10,1.00
2015.12.11 12:29:40.498,1.40867,1.40899,1.37,2.25
2015.12.11 12:29:40.811,1.40867,1.40899,1.37,1.37
2015.12.11 12:29:41.652,1.40867,1.40898,1.37,1.37
2015.12.11 12:29:56.720,1.40866,1.40897,1.12,1.50
2015.12.11 12:30:16.202,1.40863,1.40894,1.37,1.50
2015.12.11 12:30:30.911,1.40858,1.40889,1.75,2.25
2015.12.11 12:30:31.693,1.40858,1.4089,1.50,3.75
2015.12.11 12:30:56.429,1.40856,1.40888,1.50,2.25
2015.12.11 12:31:17.131,1.40856,1.40887,1.07,1.75
2015.12.11 12:31:21.069,1.40856,1.40888,1.50,1.50
2015.12.11 12:31:29.589,1.40855,1.40888,1.75,1.75
2015.12.11 12:31:42.638,1.40859,1.40889,1.07,2.25
2015.12.11 12:31:43.399,1.40859,1.40889,1.10,2.25
2015.12.11 12:31:46.228,1.40859,1.40889,1.07,1.75
2015.12.11 12:31:50.169,1.40859,1.4089,1.50,1.75
2015.12.11 12:31:50.945,1.40866,1.40891,1.00,1.12
2015.12.11 12:31:50.996,1.40866,1.40897,1.50,1.12
2015.12.11 12:32:06.969,1.40871,1.40899,1.07,2.25
2015.12.11 12:32:07.070,1.40871,1.40899,1.07,3.00
2015.12.11 12:32:07.518,1.40876,1.40899,1.00,1.10
2015.12.11 12:32:07.569,1.40877,1.40908,1.00,1.07
2015.12.11 12:32:07.804,1.40884,1.40908,1.00,1.07
2015.12.11 12:32:07.855,1.40884,1.4091,1.00,1.00
2015.12.11 12:32:08.711,1.40884,1.4091,1.07,1.00
2015.12.11 12:32:09.336,1.40884,1.40909,1.07,1.00
2015.12.11 12:32:09.683,1.40884,1.40909,1.50,1.00
2015.12.11 12:32:10.221,1.4088,1.4091,2.17,1.00
2015.12.11 12:32:11.572,1.4088,1.40907,2.17,1.00
2015.12.11 12:32:14.469,1.40879,1.40907,1.75,1.87
2015.12.11 12:32:14.570,1.40879,1.40899,1.07,1.00
2015.12.11 12:32:14.847,1.40874,1.409,1.00,1.07
2015.12.11 12:32:14.898,1.40871,1.409,1.12,2.25
2015.12.11 12:32:16.769,1.40869,1.409,1.75,1.20
2015.12.11 12:32:30.720,1.4087,1.409,1.07,1.07
2015.12.11 12:32:30.962,1.4087,1.409,1.07,1.50
2015.12.11 12:32:34.668,1.4087,1.40899,1.07,1.07
2015.12.11 12:32:48.889,1.40872,1.40899,1.10,1.00
2015.12.11 12:32:49.438,1.40872,1.40899,1.07,1.00
2015.12.11 12:32:53.811,1.40872,1.409,1.07,1.50
2015.12.11 12:32:55.918,1.40872,1.40899,1.07,1.00
2015.12.11 12:33:08.372,1.40873,1.409,1.10,1.50
2015.12.11 12:33:10.191,1.40872,1.409,1.57,1.50
2015.12.11 12:33:13.484,1.40872,1.40907,2.32,1.12
2015.12.11 12:33:13.535,1.40874,1.40907,1.87,1.10
2015.12.11 12:33:13.636,1.40874,1.4091,1.87,3.07
2015.12.11 12:33:14.646,1.4088,1.40909,1.07,1.57
2015.12.11 12:33:14.958,1.4088,1.40909,1.12,1.57
2015.12.11 12:33:28.916,1.40878,1.40909,1.37,1.00
2015.12.11 12:33:29.915,1.40882,1.4091,1.10,1.00
2015.12.11 12:33:30.258,1.40881,1.4091,1.75,1.10
2015.12.11 12:33:31.720,1.40881,1.40907,1.75,1.00
2015.12.11 12:34:00.479,1.40881,1.4091,1.75,1.10
2015.12.11 12:34:00.530,1.40883,1.40915,1.50,1.75
2015.12.11 12:34:00.582,1.40886,1.40917,1.37,1.10
2015.12.11 12:34:00.733,1.4089,1.40917,1.50,1.10
2015.12.11 12:34:00.936,1.40893,1.40923,1.75,1.10
2015.12.11 12:34:01.138,1.40895,1.40929,1.75,1.37
2015.12.11 12:34:02.460,1.40893,1.40928,1.12,1.37
2015.12.11 12:34:02.561,1.40892,1.4093,2.25,1.75
2015.12.11 12:34:02.920,1.40889,1.40927,2.25,1.50
2015.12.11 12:34:03.022,1.40889,1.40927,1.07,1.50
2015.12.11 12:34:03.790,1.40891,1.40931,1.00,1.75
2015.12.11 12:34:04.295,1.4089,1.40932,1.10,1.75
2015.12.11 12:34:04.396,1.40892,1.40933,1.00,1.75
2015.12.11 12:34:04.548,1.40892,1.40933,1.00,1.75
2015.12.11 12:34:04.650,1.40892,1.40928,1.37,1.50
2015.12.11 12:34:05.003,1.40884,1.40934,1.75,1.75
2015.12.11 12:34:05.656,1.40884,1.40925,1.75,1.50
2015.12.11 12:34:05.758,1.40881,1.40935,1.75,1.75
2015.12.11 12:34:05.859,1.40888,1.40929,1.75,1.75
2015.12.11 12:34:06.010,1.40886,1.40925,2.25,1.75
2015.12.11 12:34:06.659,1.40885,1.40926,1.75,1.75
2015.12.11 12:34:06.760,1.40888,1.4093,1.12,1.75
2015.12.11 12:34:06.861,1.40884,1.40925,1.87,1.75
2015.12.11 12:34:06.912,1.40891,1.40925,1.00,1.75
2015.12.11 12:34:07.417,1.40885,1.40931,1.50,1.75
2015.12.11 12:34:07.518,1.40885,1.40931,1.07,1.75
2015.12.11 12:34:07.619,1.40887,1.40924,1.12,1.37
2015.12.11 12:34:07.922,1.4089,1.40931,1.37,1.75
2015.12.11 12:34:07.973,1.4089,1.40931,1.10,1.75
2015.12.11 12:34:14.881,1.40884,1.40925,1.75,1.75
2015.12.11 12:34:15.033,1.40884,1.40923,1.75,1.12
2015.12.11 12:34:15.134,1.40881,1.40934,1.50,1.75
2015.12.11 12:34:15.389,1.40881,1.40934,1.75,1.75
2015.12.11 12:34:15.894,1.40891,1.40927,1.37,1.75
2015.12.11 12:34:16.096,1.40891,1.40934,1.00,1.75
2015.12.11 12:34:16.197,1.40891,1.40934,1.00,1.75
2015.12.11 12:34:16.324,1.40891,1.40934,1.00,1.75
2015.12.11 12:34:17.220,1.40889,1.40927,1.75,1.75
2015.12.11 12:34:17.322,1.40888,1.4093,1.00,1.75
2015.12.11 12:34:17.423,1.40886,1.40935,1.10,1.75
2015.12.11 12:34:18.049,1.40888,1.40925,1.00,1.37
2015.12.11 12:34:18.201,1.40883,1.40934,1.12,1.75
2015.12.11 12:34:18.252,1.40888,1.4093,1.00,1.75
2015.12.11 12:34:18.581,1.40888,1.40925,1.12,1.75
2015.12.11 12:34:19.085,1.40891,1.40931,1.00,1.75
2015.12.11 12:34:19.540,1.4089,1.40928,1.75,1.75
2015.12.11 12:34:19.839,1.40891,1.40931,1.00,1.75
2015.12.11 12:34:20.091,1.4089,1.40926,1.37,1.75
2015.12.11 12:34:20.838,1.40891,1.40928,1.10,1.75
2015.12.11 12:34:20.940,1.40892,1.40928,1.50,1.75
2015.12.11 12:34:24.082,1.40886,1.40927,2.25,1.75
2015.12.11 12:34:25.332,1.4089,1.40928,1.75,1.75
2015.12.11 12:34:25.677,1.40885,1.40924,1.75,1.50
2015.12.11 12:34:26.031,1.40884,1.40924,1.37,1.37
2015.12.11 12:34:26.132,1.40883,1.40922,1.75,1.12
2015.12.11 12:34:26.233,1.40884,1.40925,1.50,1.75
2015.12.11 12:34:26.828,1.40871,1.40926,1.75,1.75
2015.12.11 12:34:30.951,1.4087,1.40918,1.75,1.00
2015.12.11 12:34:31.305,1.40872,1.40921,1.75,1.57
2015.12.11 12:34:31.407,1.40872,1.40921,1.75,1.57
2015.12.11 12:34:33.732,1.4087,1.40917,1.75,1.00
2015.12.11 12:34:34.862,1.4087,1.40921,1.75,1.07
2015.12.11 12:34:39.987,1.4087,1.40922,1.75,1.87
2015.12.11 12:34:40.199,1.40877,1.40917,1.00,1.00
2015.12.11 12:34:40.482,1.40877,1.4092,1.07,1.10
2015.12.11 12:34:42.376,1.4087,1.40921,1.50,1.07
2015.12.11 12:34:47.099,1.40869,1.40917,1.75,1.00
2015.12.11 12:34:49.998,1.40875,1.40918,1.10,1.50
2015.12.11 12:34:50.301,1.40872,1.40917,1.75,1.00
2015.12.11 12:34:50.655,1.40868,1.40917,1.75,1.00
2015.12.11 12:34:51.156,1.40868,1.40918,1.75,1.00
2015.12.11 12:34:53.311,1.40876,1.40917,1.10,1.50
2015.12.11 12:34:53.413,1.40878,1.40918,1.00,1.00
2015.12.11 12:34:55.405,1.40871,1.40917,1.75,1.00
2015.12.11 12:34:59.640,1.40877,1.40918,1.00,1.00
2015.12.11 12:34:59.947,1.40868,1.40917,1.75,1.00
2015.12.11 12:35:00.448,1.40878,1.40917,1.37,1.00
2015.12.11 12:35:00.958,1.40871,1.4092,1.75,1.10
2015.12.11 12:35:02.565,1.40871,1.40918,1.75,1.00
2015.12.11 12:35:02.667,1.4087,1.40918,1.75,1.00
2015.12.11 12:35:02.874,1.4087,1.4092,1.75,1.10
2015.12.11 12:35:11.698,1.40869,1.40917,1.75,1.00
2015.12.11 12:35:12.223,1.40869,1.40918,1.75,1.00
2015.12.11 12:35:12.274,1.40869,1.40921,1.75,1.07
2015.12.11 12:35:12.326,1.40869,1.40917,1.75,1.00
2015.12.11 12:35:13.807,1.40874,1.40922,1.75,2.32
2015.12.11 12:35:14.966,1.40879,1.40922,1.37,2.32
2015.12.11 12:35:16.036,1.40879,1.40922,1.50,2.62
2015.12.11 12:35:20.028,1.40879,1.40919,1.37,1.00
2015.12.11 12:35:20.529,1.40878,1.4092,1.50,1.10
2015.12.11 12:35:39.154,1.40878,1.40921,1.75,1.07
2015.12.11 12:35:40.257,1.40871,1.40927,2.25,2.25
2015.12.11 12:35:44.226,1.40871,1.40927,2.25,2.25
2015.12.11 12:35:47.492,1.40871,1.40927,2.25,2.25
2015.12.11 12:35:47.650,1.40876,1.40927,1.75,1.75
2015.12.11 12:35:54.229,1.40873,1.40919,1.75,1.00
2015.12.11 12:35:54.280,1.40874,1.40916,1.75,1.00
2015.12.11 12:35:54.331,1.40874,1.40916,1.75,1.00
2015.12.11 12:35:54.595,1.40865,1.40919,1.75,1.57
2015.12.11 12:35:54.697,1.40865,1.40916,1.75,1.00
2015.12.11 12:35:55.960,1.40872,1.40911,1.75,1.00
2015.12.11 12:35:56.263,1.40872,1.40911,1.75,1.50
2015.12.11 12:35:56.314,1.40873,1.40912,1.75,1.37
2015.12.11 12:35:56.415,1.40876,1.40912,1.50,1.75
2015.12.11 12:35:56.517,1.40876,1.40912,1.50,1.12
2015.12.11 12:35:59.494,1.40871,1.40911,1.75,1.07
2015.12.11 12:36:00.202,1.40872,1.40911,1.50,1.57
2015.12.11 12:36:00.713,1.4087,1.40909,1.75,2.25
2015.12.11 12:36:01.247,1.40871,1.40909,1.75,1.75
2015.12.11 12:36:08.249,1.40869,1.40907,1.75,1.75
2015.12.11 12:36:09.537,1.4087,1.40905,1.07,1.50
2015.12.11 12:36:09.949,1.40869,1.40905,1.37,1.75
2015.12.11 12:36:13.015,1.40868,1.40905,1.37,1.75
2015.12.11 12:36:21.839,1.4087,1.40906,1.50,1.75
2015.12.11 12:36:25.775,1.40868,1.40905,1.50,1.75
2015.12.11 12:36:29.878,1.40867,1.40901,2.25,1.75
2015.12.11 12:36:30.834,1.40867,1.40901,1.12,1.50
2015.12.11 12:36:34.866,1.40867,1.40901,1.07,2.25
2015.12.11 12:36:38.324,1.40866,1.40903,1.75,1.75
2015.12.11 12:36:48.412,1.40863,1.40896,1.00,1.75
2015.12.11 12:36:48.514,1.40862,1.40893,1.00,1.50
2015.12.11 12:36:48.828,1.40861,1.40893,1.00,1.75
2015.12.11 12:36:49.132,1.4086,1.40894,1.37,1.75
2015.12.11 12:36:49.183,1.4086,1.40894,1.37,1.50
2015.12.11 12:36:52.787,1.4086,1.40895,1.12,1.75
2015.12.11 12:36:52.894,1.4086,1.40895,1.07,2.25
2015.12.11 12:36:55.205,1.40857,1.40895,1.37,3.75
2015.12.11 12:36:56.361,1.40855,1.40892,1.12,2.25
2015.12.11 12:37:00.232,1.40853,1.40889,1.07,3.00
2015.12.11 12:37:00.283,1.40853,1.40886,1.00,2.25
2015.12.11 12:37:00.334,1.40845,1.40881,1.75,1.07
2015.12.11 12:37:00.435,1.40845,1.40876,1.00,1.57
2015.12.11 12:37:00.638,1.40842,1.40875,1.57,1.75
2015.12.11 12:37:01.305,1.4084,1.40875,1.37,1.75
2015.12.11 12:37:01.608,1.4084,1.40875,1.07,1.75
2015.12.11 12:37:04.802,1.4084,1.40876,1.37,1.75
2015.12.11 12:37:06.352,1.40842,1.40875,1.12,1.75
2015.12.11 12:37:10.421,1.4084,1.40873,1.12,1.50
2015.12.11 12:37:16.656,1.40841,1.40873,1.50,1.50
2015.12.11 12:37:19.406,1.40839,1.40875,1.37,1.75
2015.12.11 12:37:25.709,1.40838,1.40874,2.25,1.75
2015.12.11 12:37:26.260,1.4084,1.40874,1.50,1.50
2015.12.11 12:37:26.947,1.4084,1.40879,1.75,1.75
2015.12.11 12:37:27.002,1.40841,1.40877,1.75,1.75
2015.12.11 12:37:27.355,1.40848,1.40879,1.37,1.37
2015.12.11 12:37:27.659,1.40848,1.40879,1.75,1.12
2015.12.11 12:37:29.095,1.40845,1.40878,1.75,1.12
2015.12.11 12:37:37.742,1.40843,1.40879,1.75,1.37
2015.12.11 12:37:38.325,1.40843,1.40879,1.75,1.75
2015.12.11 12:37:40.221,1.4084,1.40875,1.75,1.12
2015.12.11 12:37:40.521,1.40839,1.40873,1.75,1.37
2015.12.11 12:37:40.836,1.40841,1.40877,1.07,1.75
2015.12.11 12:37:43.750,1.40841,1.40873,1.50,1.50
2015.12.11 12:37:53.491,1.4084,1.40877,1.75,2.25
2015.12.11 12:37:53.643,1.4084,1.40877,1.75,2.25
2015.12.11 12:37:54.063,1.4084,1.40877,1.75,1.87
2015.12.11 12:37:54.927,1.4084,1.40879,2.25,1.07
2015.12.11 12:37:58.579,1.40843,1.40879,1.75,1.37
2015.12.11 12:38:00.912,1.4084,1.40875,1.75,1.07
2015.12.11 12:38:01.013,1.40841,1.40874,1.75,1.07
2015.12.11 12:38:01.114,1.4084,1.40874,1.75,1.07
2015.12.11 12:38:01.215,1.4084,1.40873,1.75,1.50
2015.12.11 12:38:01.568,1.4084,1.40873,1.12,1.50
2015.12.11 12:38:11.889,1.40838,1.40873,1.37,1.75
2015.12.11 12:38:13.859,1.40838,1.40873,1.50,1.50
2015.12.11 12:38:15.126,1.40838,1.40873,1.37,1.75
2015.12.11 12:38:17.373,1.40838,1.40873,1.75,1.75
2015.12.11 12:38:35.302,1.40837,1.40874,1.50,1.75
2015.12.11 12:38:39.824,1.40839,1.40874,1.50,1.75
2015.12.11 12:38:43.465,1.40838,1.40878,1.75,2.25
2015.12.11 12:38:43.567,1.40839,1.40877,1.75,1.75
2015.12.11 12:38:44.080,1.40839,1.40877,1.75,2.25
2015.12.11 12:38:44.589,1.40839,1.40877,2.25,1.75
2015.12.11 12:38:44.762,1.40839,1.40877,1.50,1.75
2015.12.11 12:38:46.632,1.40838,1.40874,1.75,1.75
2015.12.11 12:38:50.673,1.40839,1.40877,1.75,1.75
2015.12.11 12:38:51.364,1.40838,1.40874,1.75,1.75
2015.12.11 12:38:57.983,1.40837,1.40871,1.50,1.50
2015.12.11 12:38:58.185,1.40836,1.40872,1.75,1.75
2015.12.11 12:39:04.562,1.40835,1.40869,1.87,1.37
2015.12.11 12:39:05.442,1.40835,1.40874,2.25,1.75
2015.12.11 12:39:12.720,1.40836,1.4087,1.10,1.37
2015.12.11 12:39:29.739,1.40837,1.40871,1.00,1.50
2015.12.11 12:39:30.445,1.40834,1.40872,1.57,1.75
2015.12.11 12:39:51.642,1.40834,1.40868,1.07,1.12
2015.12.11 12:40:08.268,1.40836,1.40872,1.37,1.75
2015.12.11 12:40:09.393,1.40837,1.40874,2.25,1.75
2015.12.11 12:40:09.746,1.40837,1.40874,2.62,1.75
2015.12.11 12:40:11.452,1.40837,1.40874,3.00,1.50
2015.12.11 12:40:14.213,1.40839,1.40873,2.25,1.37
2015.12.11 12:40:15.032,1.40846,1.40878,1.37,1.37
2015.12.11 12:40:15.335,1.40849,1.40881,1.75,1.12
2015.12.11 12:40:26.763,1.40845,1.40881,1.75,1.07
2015.12.11 12:40:28.500,1.40849,1.40883,1.75,1.00
2015.12.11 12:40:29.909,1.40852,1.40884,1.75,1.00
2015.12.11 12:40:30.449,1.40854,1.40885,1.50,1.00
2015.12.11 12:40:37.516,1.40857,1.40889,1.12,1.50
2015.12.11 12:40:37.567,1.40857,1.40891,1.12,1.00
2015.12.11 12:40:37.719,1.40859,1.40895,1.07,1.00
2015.12.11 12:40:37.770,1.40859,1.40895,1.75,1.00
2015.12.11 12:40:38.073,1.40864,1.40895,1.75,1.00
2015.12.11 12:40:38.578,1.40864,1.40896,1.75,1.10
2015.12.11 12:40:39.110,1.40865,1.40896,1.75,1.10
2015.12.11 12:40:46.536,1.40863,1.40898,1.75,1.00
2015.12.11 12:40:47.111,1.40866,1.40898,1.37,1.00
2015.12.11 12:40:48.603,1.40866,1.409,1.37,1.00
2015.12.11 12:41:09.441,1.40869,1.40901,1.07,1.00
2015.12.11 12:41:09.643,1.40871,1.40903,1.50,1.10
2015.12.11 12:41:09.744,1.40871,1.40907,1.10,1.00
2015.12.11 12:41:09.795,1.40871,1.4091,1.10,1.07
2015.12.11 12:41:09.896,1.40869,1.40909,1.07,1.50
2015.12.11 12:41:10.098,1.40871,1.40911,1.00,1.37
2015.12.11 12:41:10.661,1.40866,1.40918,1.37,1.75
2015.12.11 12:41:11.168,1.40868,1.40922,1.07,1.75
2015.12.11 12:41:11.972,1.40868,1.40907,1.07,1.37
2015.12.11 12:41:12.558,1.40868,1.40907,1.07,1.12
2015.12.11 12:41:12.609,1.40867,1.40914,1.37,1.75
2015.12.11 12:41:22.987,1.40869,1.40905,1.07,1.75
2015.12.11 12:41:23.290,1.40862,1.409,1.75,1.37
2015.12.11 12:41:23.492,1.40856,1.40907,1.75,1.37
2015.12.11 12:41:23.832,1.40861,1.40902,1.75,1.75
2015.12.11 12:41:23.883,1.40861,1.40901,2.25,1.37
2015.12.11 12:41:23.934,1.40861,1.40902,1.75,1.57
2015.12.11 12:41:24.190,1.40857,1.40898,2.25,1.00
2015.12.11 12:41:24.392,1.40857,1.40904,1.75,1.37
2015.12.11 12:41:26.356,1.4086,1.40899,1.75,1.07
2015.12.11 12:41:26.925,1.40859,1.40898,1.75,1.07
2015.12.11 12:41:27.026,1.40859,1.409,1.75,1.57
2015.12.11 12:41:27.531,1.40861,1.409,1.75,1.50
2015.12.11 12:41:27.734,1.4086,1.40902,1.75,1.00
2015.12.11 12:41:27.835,1.40859,1.409,1.75,1.00
2015.12.11 12:41:27.937,1.4086,1.40902,1.75,1.00
2015.12.11 12:41:28.381,1.40856,1.40911,1.75,1.75
2015.12.11 12:41:31.720,1.4086,1.40899,1.75,1.00
2015.12.11 12:41:32.238,1.40856,1.40912,1.75,1.75
2015.12.11 12:41:34.725,1.40862,1.40904,1.75,1.07
2015.12.11 12:41:48.707,1.40865,1.40914,1.50,1.75
2015.12.11 12:41:49.408,1.4087,1.40905,1.10,1.00
2015.12.11 12:41:49.458,1.4087,1.40905,1.07,1.07
2015.12.11 12:41:50.336,1.40872,1.40915,1.00,1.75
2015.12.11 12:41:50.685,1.40872,1.40915,1.00,1.75
2015.12.11 12:41:51.438,1.4087,1.4091,1.10,1.07
2015.12.11 12:41:51.696,1.4087,1.4091,1.10,1.37
2015.12.11 12:41:52.100,1.40864,1.40914,1.75,1.75
2015.12.11 12:41:52.555,1.40866,1.40914,1.87,1.75
2015.12.11 12:41:53.779,1.40867,1.40908,1.37,1.37
2015.12.11 12:41:54.538,1.40865,1.40914,1.50,1.75
2015.12.11 12:41:54.640,1.40869,1.40909,1.07,1.07
2015.12.11 12:41:55.227,1.40872,1.40924,1.00,1.37
2015.12.11 12:41:55.279,1.4087,1.40924,1.10,1.37
2015.12.11 12:41:55.330,1.4087,1.40924,1.10,2.25
2015.12.11 12:41:55.633,1.40868,1.40907,1.12,1.07
2015.12.11 12:41:55.835,1.4087,1.40909,1.10,1.00
2015.12.11 12:41:56.037,1.40867,1.40907,1.12,1.00
2015.12.11 12:41:56.440,1.40866,1.40905,1.50,1.00
2015.12.11 12:41:56.963,1.40867,1.40918,1.37,1.37
2015.12.11 12:41:58.201,1.40867,1.40923,1.12,1.75
2015.12.11 12:42:05.427,1.40869,1.40909,1.07,1.12
2015.12.11 12:42:05.730,1.40868,1.40907,1.12,1.12
2015.12.11 12:42:06.184,1.40866,1.40915,1.50,1.07
2015.12.11 12:42:06.410,1.40867,1.40923,1.37,2.25
2015.12.11 12:42:15.448,1.40867,1.40908,1.37,1.00
2015.12.11 12:42:15.958,1.40865,1.40916,1.75,1.75
2015.12.11 12:42:16.260,1.40866,1.40905,1.50,1.00
2015.12.11 12:42:16.966,1.40868,1.40907,1.12,1.00
2015.12.11 12:42:17.167,1.40869,1.40909,1.07,1.10
2015.12.11 12:42:22.771,1.40868,1.40907,1.12,1.00
2015.12.11 12:42:22.872,1.40866,1.4092,1.50,1.75
2015.12.11 12:42:23.229,1.40868,1.40907,1.12,1.00
2015.12.11 12:42:23.388,1.40865,1.40912,1.75,1.12
2015.12.11 12:42:23.876,1.40866,1.40906,1.50,1.00
2015.12.11 12:42:23.977,1.40868,1.4091,1.12,1.07
2015.12.11 12:42:24.280,1.40867,1.40907,1.37,1.00
2015.12.11 12:42:24.383,1.40868,1.4091,1.12,1.07
2015.12.11 12:42:24.887,1.40867,1.40908,1.37,1.00
2015.12.11 12:42:25.501,1.40867,1.40919,1.37,1.75
2015.12.11 12:42:45.077,1.40867,1.40908,1.37,1.00
2015.12.11 12:42:45.586,1.40865,1.40921,1.75,1.75
2015.12.11 12:42:54.586,1.40867,1.40908,1.37,1.00
2015.12.11 12:42:55.091,1.40866,1.40916,1.50,1.75
2015.12.11 12:42:55.293,1.40868,1.40907,1.12,1.00
2015.12.11 12:42:55.596,1.40866,1.40905,1.50,1.00
2015.12.11 12:42:56.192,1.4087,1.40912,1.07,1.12
2015.12.11 12:42:57.000,1.40867,1.40908,1.37,1.00
2015.12.11 12:42:57.651,1.40867,1.40922,1.37,1.75
2015.12.11 12:43:01.452,1.40867,1.40922,1.12,1.75
2015.12.11 12:43:06.414,1.40871,1.40912,1.00,1.07
2015.12.11 12:43:06.616,1.40866,1.40908,1.37,1.00
2015.12.11 12:43:06.717,1.40864,1.40917,1.75,2.25
2015.12.11 12:43:13.942,1.40867,1.40923,1.37,1.75
2015.12.11 12:43:16.329,1.40868,1.40907,1.12,1.00
2015.12.11 12:43:16.431,1.40866,1.40917,1.50,1.75
2015.12.11 12:43:35.103,1.40868,1.40907,1.12,1.00
2015.12.11 12:43:35.506,1.40869,1.40909,1.07,1.10
2015.12.11 12:43:39.287,1.40872,1.40914,1.00,1.50
2015.12.11 12:43:39.791,1.40869,1.40909,1.07,1.10
2015.12.11 12:43:39.994,1.40868,1.40907,1.12,1.00
2015.12.11 12:43:40.095,1.40868,1.4091,1.12,1.07
2015.12.11 12:43:40.196,1.40868,1.40907,1.12,1.00
2015.12.11 12:43:40.844,1.40867,1.40908,1.37,1.00
2015.12.11 12:43:41.349,1.40867,1.40922,1.37,1.75
2015.12.11 12:43:42.898,1.40876,1.40915,1.00,1.75
2015.12.11 12:43:42.999,1.40867,1.40921,1.37,1.75
2015.12.11 12:43:43.479,1.40874,1.40913,1.00,1.37
2015.12.11 12:43:43.530,1.40866,1.40922,2.25,1.75
2015.12.11 12:43:45.054,1.40868,1.40907,1.12,1.00
2015.12.11 12:43:45.256,1.40865,1.40918,1.75,1.75
2015.12.11 12:43:48.832,1.40867,1.40923,1.37,1.75
2015.12.11 12:43:49.563,1.40873,1.40923,1.00,1.75
2015.12.11 12:43:50.149,1.40874,1.40913,1.75,1.07
2015.12.11 12:43:50.352,1.40874,1.40913,1.12,1.07
2015.12.11 12:43:50.453,1.4087,1.40912,1.75,1.07
2015.12.11 12:43:50.770,1.40867,1.40923,1.75,1.75
2015.12.11 12:43:51.042,1.40869,1.40923,1.75,1.75
2015.12.11 12:43:52.076,1.40874,1.40913,1.75,1.00
2015.12.11 12:43:52.311,1.40874,1.40915,2.25,1.07
2015.12.11 12:43:52.614,1.40872,1.40913,1.75,1.37
2015.12.11 12:43:52.766,1.40871,1.40912,1.00,1.10
2015.12.11 12:43:53.044,1.40871,1.40911,1.75,1.07
2015.12.11 12:43:53.750,1.40869,1.40925,3.00,1.75
2015.12.11 12:43:54.688,1.40873,1.40914,1.75,1.87
2015.12.11 12:43:54.992,1.40874,1.40912,1.12,1.12
2015.12.11 12:43:55.538,1.40871,1.40912,1.75,1.12
2015.12.11 12:43:56.535,1.40873,1.40925,1.75,1.75
2015.12.11 12:43:56.636,1.40873,1.40925,1.75,1.75
2015.12.11 12:43:57.495,1.40874,1.40913,1.75,1.07
2015.12.11 12:43:58.142,1.40875,1.40926,1.50,1.75
2015.12.11 12:44:10.401,1.40874,1.40913,2.25,1.00
2015.12.11 12:44:10.603,1.40874,1.40926,1.75,3.00
2015.12.11 12:44:10.937,1.40874,1.40926,1.75,2.25
2015.12.11 12:44:12.371,1.40875,1.40929,3.00,1.75
2015.12.11 12:44:13.741,1.40883,1.40924,1.00,1.75
2015.12.11 12:44:13.894,1.40882,1.40924,1.00,1.37
2015.12.11 12:44:13.995,1.40879,1.4093,1.07,1.75
2015.12.11 12:44:14.147,1.40882,1.40921,1.00,1.07
2015.12.11 12:44:14.248,1.40879,1.40928,1.07,1.75
2015.12.11 12:44:14.554,1.40879,1.40925,1.07,1.75
2015.12.11 12:44:14.897,1.40879,1.40932,1.07,1.75
2015.12.11 12:44:18.056,1.40876,1.40905,1.50,1.00
2015.12.11 12:44:22.439,1.40868,1.40907,1.75,1.00
2015.12.11 12:44:22.489,1.40869,1.40906,1.75,1.12
2015.12.11 12:44:32.071,1.40867,1.40906,2.25,1.87
2015.12.11 12:44:32.172,1.40867,1.40905,1.75,1.07
2015.12.11 12:44:32.905,1.40871,1.40906,1.75,1.07
2015.12.11 12:44:33.410,1.40871,1.40906,1.75,1.00
2015.12.11 12:44:34.588,1.40868,1.40906,1.75,1.07
2015.12.11 12:44:50.179,1.40867,1.40906,1.75,1.87
2015.12.11 12:44:51.051,1.40869,1.40905,1.75,1.00
2015.12.11 12:44:51.405,1.40867,1.40905,2.25,1.07
2015.12.11 12:44:51.858,1.40867,1.40905,1.75,1.07
2015.12.11 12:44:54.061,1.40866,1.40906,1.75,2.62
2015.12.11 12:44:54.113,1.40869,1.40906,1.75,1.07
2015.12.11 12:44:54.831,1.40869,1.40906,1.75,1.12
2015.12.11 12:45:00.307,1.40869,1.40906,2.25,1.37
2015.12.11 12:45:02.203,1.40869,1.40906,2.25,1.50
2015.12.11 12:45:05.691,1.40869,1.40906,1.75,1.75
2015.12.11 12:45:15.357,1.40864,1.40901,1.75,1.07
2015.12.11 12:45:15.649,1.40862,1.40901,2.25,1.37
2015.12.11 12:45:16.489,1.40861,1.40899,1.75,1.37
2015.12.11 12:45:17.729,1.40863,1.40902,1.75,1.50
2015.12.11 12:45:18.462,1.40863,1.409,1.75,1.37
2015.12.11 12:45:44.456,1.40863,1.40899,1.75,1.07
2015.12.11 12:45:46.832,1.40868,1.40902,1.75,1.37
2015.12.11 12:45:53.578,1.40867,1.40902,1.75,1.37
2015.12.11 12:45:59.414,1.40867,1.40904,1.75,1.87
2015.12.11 12:45:59.516,1.40867,1.40904,1.75,1.57
2015.12.11 12:45:59.869,1.40871,1.40906,1.75,1.50
2015.12.11 12:46:00.411,1.40875,1.40906,1.50,1.00
2015.12.11 12:46:02.573,1.40873,1.40906,1.75,1.00
2015.12.11 12:46:06.760,1.4087,1.40906,1.75,1.10
2015.12.11 12:46:08.276,1.40869,1.40906,1.75,1.07
2015.12.11 12:46:08.781,1.40868,1.40905,1.75,1.07
2015.12.11 12:46:09.306,1.40869,1.40906,2.25,1.00
2015.12.11 12:46:10.486,1.40868,1.40906,2.25,1.07
2015.12.11 12:46:11.260,1.40865,1.40906,2.25,1.87
2015.12.11 12:46:11.764,1.40865,1.40905,1.75,1.57
2015.12.11 12:46:12.417,1.40866,1.40906,1.75,1.07
2015.12.11 12:46:12.738,1.40866,1.40906,1.75,1.12
2015.12.11 12:46:15.682,1.40866,1.40905,1.75,1.37
2015.12.11 12:46:15.733,1.40866,1.40905,1.75,1.07
2015.12.11 12:46:15.784,1.40868,1.40906,2.25,1.50
2015.12.11 12:46:15.986,1.40868,1.40906,1.75,1.12
2015.12.11 12:46:16.239,1.40866,1.40904,1.75,1.50
2015.12.11 12:46:16.340,1.40866,1.409,1.75,1.10
2015.12.11 12:46:16.845,1.40863,1.409,1.75,1.00
2015.12.11 12:46:17.346,1.40863,1.40904,1.75,1.50
2015.12.11 12:46:19.834,1.40863,1.40902,1.75,1.07
2015.12.11 12:46:20.969,1.40862,1.40895,1.75,1.00
2015.12.11 12:46:21.070,1.40862,1.40896,1.50,1.00
2015.12.11 12:46:21.171,1.40861,1.40893,1.75,1.00
2015.12.11 12:46:21.272,1.40861,1.40896,1.75,1.00
2015.12.11 12:46:21.374,1.40861,1.40899,1.75,1.50
2015.12.11 12:46:30.386,1.40862,1.40895,1.50,1.00
2015.12.11 12:46:30.588,1.40862,1.40899,1.50,1.50
2015.12.11 12:46:31.136,1.40862,1.409,1.50,1.10
2015.12.11 12:46:37.012,1.40862,1.40899,1.50,1.50
2015.12.11 12:46:37.295,1.4086,1.40896,1.75,1.00
2015.12.11 12:46:37.346,1.4086,1.40899,1.75,1.50
2015.12.11 12:46:37.448,1.4086,1.40896,1.75,1.00
2015.12.11 12:46:38.609,1.40861,1.40894,1.75,1.00
2015.12.11 12:46:38.710,1.40861,1.40896,1.75,1.00
2015.12.11 12:46:39.321,1.4086,1.40899,1.75,1.57
2015.12.11 12:46:39.422,1.40861,1.40895,1.75,1.00
2015.12.11 12:46:39.937,1.4086,1.40896,1.75,1.00
2015.12.11 12:46:41.324,1.4086,1.40895,1.75,1.00
2015.12.11 12:46:41.631,1.40862,1.40898,1.50,1.00
2015.12.11 12:46:41.732,1.4086,1.40895,1.75,1.00
2015.12.11 12:46:42.752,1.4086,1.409,1.75,1.57
2015.12.11 12:46:42.954,1.40862,1.40895,1.50,1.00
2015.12.11 12:46:43.055,1.4086,1.40899,1.75,1.57
2015.12.11 12:46:43.257,1.40861,1.40895,1.75,1.00
2015.12.11 12:46:43.357,1.40861,1.40899,1.75,1.57
2015.12.11 12:46:46.366,1.40861,1.40897,1.75,1.00
2015.12.11 12:46:47.290,1.40859,1.40896,1.75,1.00
2015.12.11 12:46:55.941,1.40862,1.40899,1.75,1.10
2015.12.11 12:47:00.383,1.40862,1.40899,1.75,1.00
2015.12.11 12:47:05.006,1.40862,1.40898,1.75,1.00
2015.12.11 12:47:05.409,1.40862,1.40896,1.75,1.00
2015.12.11 12:47:05.813,1.40862,1.409,1.75,1.10
2015.12.11 12:47:11.943,1.40863,1.409,1.75,1.10
2015.12.11 12:47:12.501,1.40863,1.409,1.75,1.07
2015.12.11 12:47:13.065,1.40863,1.409,1.75,1.07
2015.12.11 12:47:14.835,1.40861,1.40898,1.75,1.00
2015.12.11 12:47:15.365,1.40862,1.409,1.75,1.07
2015.12.11 12:47:15.668,1.40862,1.40897,1.75,1.00
2015.12.11 12:47:15.769,1.40862,1.40899,1.75,1.10
2015.12.11 12:47:15.871,1.40861,1.40897,1.75,1.00
2015.12.11 12:47:16.023,1.40861,1.409,1.75,1.07
2015.12.11 12:47:19.880,1.40862,1.40897,1.75,1.00
2015.12.11 12:47:20.082,1.40863,1.40899,1.75,1.10
2015.12.11 12:47:20.435,1.40863,1.40897,1.75,1.00
2015.12.11 12:47:20.536,1.40863,1.409,1.75,1.10
2015.12.11 12:47:21.307,1.40863,1.40899,1.75,1.00
2015.12.11 12:47:28.182,1.40863,1.40898,1.75,1.00
2015.12.11 12:47:28.284,1.40861,1.40895,1.75,1.00
2015.12.11 12:47:28.563,1.4086,1.409,1.75,1.57
2015.12.11 12:47:28.721,1.40863,1.409,1.75,1.57
2015.12.11 12:47:29.029,1.40863,1.40898,1.75,1.00
2015.12.11 12:47:29.617,1.40863,1.40897,2.25,1.00
2015.12.11 12:47:30.172,1.40863,1.40898,1.75,1.00
2015.12.11 12:47:30.684,1.40862,1.40897,1.75,1.00
2015.12.11 12:47:31.670,1.40863,1.409,1.75,1.57
2015.12.11 12:47:31.889,1.40863,1.40898,1.75,1.00
2015.12.11 12:47:32.594,1.40862,1.40896,1.75,1.00
2015.12.11 12:47:32.695,1.40863,1.40898,1.75,1.00
2015.12.11 12:47:33.478,1.40863,1.40897,1.75,1.00
2015.12.11 12:47:33.974,1.40863,1.40899,1.75,1.50
2015.12.11 12:47:34.177,1.40863,1.40897,1.75,1.00
2015.12.11 12:47:34.380,1.40863,1.409,1.75,1.10
2015.12.11 12:47:35.286,1.40863,1.40896,1.75,1.00
2015.12.11 12:47:35.387,1.40861,1.40899,1.75,1.00
2015.12.11 12:47:37.392,1.40863,1.409,1.75,1.57
2015.12.11 12:47:37.493,1.40862,1.40895,1.75,1.00
2015.12.11 12:47:37.594,1.40862,1.40898,1.75,1.00
2015.12.11 12:47:38.134,1.40861,1.409,1.75,1.07
2015.12.11 12:47:38.185,1.40861,1.409,1.75,1.07
2015.12.11 12:47:38.715,1.40862,1.409,2.25,1.07
2015.12.11 12:47:39.018,1.40865,1.40906,2.25,1.37
2015.12.11 12:47:40.252,1.40866,1.40905,2.25,1.07
2015.12.11 12:47:41.808,1.4087,1.40907,1.75,1.07
2015.12.11 12:48:01.289,1.4087,1.40905,1.75,1.07
2015.12.11 12:48:02.220,1.4087,1.40903,1.75,1.00
2015.12.11 12:48:02.271,1.40868,1.40903,1.75,1.07
2015.12.11 12:48:02.776,1.40867,1.40904,1.75,1.87
2015.12.11 12:48:02.940,1.40867,1.40904,1.75,1.37
2015.12.11 12:48:04.152,1.40865,1.40904,2.25,1.37
2015.12.11 12:48:07.583,1.40863,1.40902,1.75,1.12
2015.12.11 12:48:08.289,1.40865,1.40904,1.75,1.50
2015.12.11 12:48:09.283,1.40865,1.40904,1.75,1.37
2015.12.11 12:48:09.350,1.40864,1.40903,1.75,1.87
2015.12.11 12:48:10.829,1.40864,1.40903,1.75,1.87
2015.12.11 12:48:11.315,1.40865,1.40898,1.75,1.00
2015.12.11 12:48:12.069,1.40863,1.40899,2.25,1.50
2015.12.11 12:48:13.155,1.40863,1.40898,1.75,1.50
2015.12.11 12:48:13.256,1.40863,1.40897,1.75,1.00
2015.12.11 12:48:13.617,1.40862,1.40898,1.75,1.50
2015.12.11 12:48:13.718,1.40863,1.409,1.75,1.57
2015.12.11 12:48:14.421,1.40864,1.40899,1.75,1.00
2015.12.11 12:48:14.928,1.40871,1.40904,1.75,1.07
2015.12.11 12:48:16.149,1.40871,1.40905,1.75,1.07
2015.12.11 12:48:27.581,1.4087,1.40904,1.75,1.07
2015.12.11 12:48:31.640,1.40869,1.40903,1.75,1.12
2015.12.11 12:48:33.935,1.40866,1.40905,2.25,1.12
2015.12.11 12:48:34.496,1.40866,1.40901,1.75,1.00
2015.12.11 12:48:35.000,1.40866,1.40901,2.25,1.07
2015.12.11 12:48:36.705,1.40867,1.40904,1.75,1.12
2015.12.11 12:48:37.301,1.40867,1.40907,1.75,1.37
2015.12.11 12:48:47.591,1.40866,1.40906,1.75,1.37
2015.12.11 12:48:51.446,1.40865,1.40907,1.75,1.12
2015.12.11 12:49:10.324,1.40866,1.40903,2.25,1.00
2015.12.11 12:49:10.828,1.40868,1.40905,1.75,1.12
2015.12.11 12:49:11.228,1.40867,1.40907,1.75,1.12
2015.12.11 12:49:11.573,1.40867,1.40907,1.75,1.37
2015.12.11 12:49:15.072,1.40865,1.40906,1.75,1.37
2015.12.11 12:49:16.305,1.40864,1.40904,1.75,1.37
2015.12.11 12:49:16.901,1.40864,1.40903,1.75,1.37
2015.12.11 12:49:17.443,1.40864,1.40904,1.75,1.37
2015.12.11 12:49:17.611,1.40864,1.40904,1.75,1.37
2015.12.11 12:49:18.272,1.40863,1.40903,1.75,1.12
2015.12.11 12:49:19.504,1.40861,1.40903,1.75,1.87
2015.12.11 12:49:21.875,1.40863,1.40897,1.75,1.00
2015.12.11 12:49:22.027,1.40861,1.40899,1.75,1.10
2015.12.11 12:49:22.624,1.40862,1.40898,1.75,1.00
2015.12.11 12:49:23.129,1.40862,1.409,1.75,1.07
2015.12.11 12:49:24.410,1.40862,1.40903,1.75,1.12
2015.12.11 12:49:24.732,1.4086,1.40897,1.75,1.00
2015.12.11 12:49:24.783,1.4086,1.40899,2.25,1.00
2015.12.11 12:49:24.834,1.4086,1.40896,1.75,1.00
2015.12.11 12:49:25.036,1.40861,1.40899,1.75,1.00
2015.12.11 12:49:25.188,1.40861,1.40899,1.75,1.10
2015.12.11 12:49:26.442,1.40861,1.40897,1.75,1.00
2015.12.11 12:49:26.493,1.40861,1.40897,1.75,1.00
2015.12.11 12:49:26.745,1.4086,1.40899,2.25,1.50
2015.12.11 12:49:27.231,1.40861,1.40896,1.75,1.00
2015.12.11 12:49:27.282,1.4086,1.409,1.75,1.57
2015.12.11 12:49:27.667,1.4086,1.40895,1.75,1.00
2015.12.11 12:49:27.869,1.40859,1.40898,1.75,1.00
2015.12.11 12:49:27.971,1.40858,1.40896,1.75,1.00
2015.12.11 12:49:28.273,1.40861,1.409,2.25,1.10
2015.12.11 12:49:28.374,1.40861,1.40895,1.75,1.00
2015.12.11 12:49:28.475,1.40861,1.409,1.75,1.10
2015.12.11 12:49:34.389,1.40859,1.40899,2.25,1.50
2015.12.11 12:49:34.716,1.4086,1.40897,1.75,1.00
2015.12.11 12:49:34.868,1.4086,1.409,1.75,1.10
2015.12.11 12:49:35.120,1.40862,1.409,1.75,1.10
2015.12.11 12:49:35.423,1.40863,1.40903,2.25,1.87
2015.12.11 12:49:35.776,1.40866,1.40905,1.75,1.87
2015.12.11 12:49:36.079,1.40866,1.40905,1.75,1.37
2015.12.11 12:49:36.600,1.40865,1.40905,1.75,1.12
2015.12.11 12:49:37.422,1.40865,1.40907,1.75,1.50
2015.12.11 12:49:38.485,1.40864,1.40901,1.75,1.10
2015.12.11 12:49:38.989,1.40864,1.40903,1.75,1.12
2015.12.11 12:49:39.899,1.40863,1.40905,1.75,1.37
2015.12.11 12:49:40.468,1.40863,1.40904,1.75,2.25
2015.12.11 12:49:40.976,1.40865,1.40905,1.75,1.87
2015.12.11 12:49:41.916,1.40863,1.40905,1.75,1.37
2015.12.11 12:49:42.705,1.40863,1.40901,1.75,1.10
2015.12.11 12:49:43.249,1.40863,1.40905,1.75,1.12
2015.12.11 12:49:44.004,1.40863,1.40905,1.75,1.37
2015.12.11 12:49:44.206,1.40865,1.40905,1.75,1.12
2015.12.11 12:49:44.811,1.40863,1.40905,1.75,1.37
2015.12.11 12:49:53.445,1.40863,1.40905,1.75,1.37
2015.12.11 12:49:54.549,1.40866,1.40906,1.75,1.37
2015.12.11 12:49:55.104,1.40869,1.40907,1.75,1.12
2015.12.11 12:49:56.082,1.40868,1.40907,1.75,1.07
2015.12.11 12:49:57.282,1.4087,1.40904,1.75,1.00
2015.12.11 12:49:58.058,1.4087,1.40903,2.25,1.00
2015.12.11 12:49:59.084,1.40869,1.40903,1.75,1.00
2015.12.11 12:49:59.842,1.40867,1.40903,1.75,1.00
2015.12.11 12:50:01.397,1.40867,1.40903,2.25,1.00
2015.12.11 12:50:05.026,1.40869,1.40904,1.75,1.00
2015.12.11 12:50:05.690,1.40869,1.40904,2.17,1.00
2015.12.11 12:50:06.207,1.40871,1.40904,1.75,1.00
2015.12.11 12:50:14.352,1.40871,1.40904,1.75,1.00
2015.12.11 12:50:15.363,1.40871,1.40904,2.25,1.00
2015.12.11 12:50:23.702,1.40869,1.40904,1.75,1.00
2015.12.11 12:50:26.816,1.40869,1.40904,2.25,1.00
2015.12.11 12:50:33.508,1.40872,1.40904,1.75,1.00
2015.12.11 12:50:34.033,1.40873,1.40904,1.75,1.00
2015.12.11 12:50:35.811,1.40874,1.40904,1.75,1.00
2015.12.11 12:50:36.321,1.40876,1.40904,1.75,1.00
2015.12.11 12:50:39.616,1.4089,1.40901,1.00,1.00
2015.12.11 12:50:40.100,1.4089,1.40911,1.07,1.00
2015.12.11 12:50:40.201,1.4089,1.40913,1.07,1.10
2015.12.11 12:50:40.302,1.40891,1.40916,1.12,1.07
2015.12.11 12:50:40.453,1.40883,1.40913,1.50,1.00
2015.12.11 12:50:40.554,1.40883,1.40913,1.75,1.00
2015.12.11 12:50:41.089,1.40881,1.40913,1.42,1.00
2015.12.11 12:50:41.430,1.40881,1.40913,1.42,1.00
2015.12.11 12:50:43.769,1.40879,1.40916,1.75,1.57
2015.12.11 12:50:43.971,1.40885,1.4092,1.75,1.00
2015.12.11 12:50:44.072,1.40885,1.40921,1.75,1.10
2015.12.11 12:50:44.800,1.40886,1.40921,1.75,1.00
2015.12.11 12:50:49.221,1.40887,1.40922,1.75,1.10
2015.12.11 12:50:59.032,1.40886,1.40922,1.75,1.07
2015.12.11 12:51:00.225,1.40886,1.4092,1.75,1.00
2015.12.11 12:51:09.721,1.40882,1.40918,1.75,1.00
2015.12.11 12:51:09.823,1.40882,1.4092,1.75,1.00
2015.12.11 12:51:09.924,1.40882,1.40918,1.75,1.00
2015.12.11 12:51:10.378,1.40882,1.4092,1.75,1.12
2015.12.11 12:51:16.652,1.40884,1.40922,1.75,1.12
2015.12.11 12:51:18.693,1.40884,1.40921,1.75,1.07
2015.12.11 12:51:20.247,1.40883,1.4092,2.25,1.07
2015.12.11 12:51:29.515,1.40883,1.4092,1.75,1.10
2015.12.11 12:51:38.625,1.40893,1.40927,1.75,1.37
2015.12.11 12:51:42.892,1.40893,1.40928,1.75,1.95
2015.12.11 12:51:47.120,1.40891,1.40924,1.75,1.00
2015.12.11 12:51:47.936,1.40886,1.40925,1.75,1.10
2015.12.11 12:51:49.619,1.40888,1.40926,1.75,1.00
2015.12.11 12:51:50.079,1.40885,1.40925,2.25,1.07
2015.12.11 12:51:51.077,1.40885,1.40925,2.25,1.07
2015.12.11 12:51:51.616,1.40885,1.40925,1.75,1.57
2015.12.11 12:51:52.022,1.40885,1.40925,3.00,1.57
2015.12.11 12:51:52.173,1.40885,1.40925,2.25,1.00
2015.12.11 12:51:52.821,1.40885,1.40925,2.25,1.10
2015.12.11 12:51:53.376,1.40885,1.40925,2.25,1.07
2015.12.11 12:51:55.100,1.40885,1.40925,2.25,1.07
2015.12.11 12:51:55.302,1.40883,1.40919,1.75,1.00
2015.12.11 12:51:55.605,1.40881,1.4092,1.75,1.07
2015.12.11 12:51:56.105,1.40883,1.4092,1.75,1.00
2015.12.11 12:51:56.206,1.40883,1.4092,1.75,1.10
2015.12.11 12:51:56.757,1.40883,1.4092,1.75,1.07
2015.12.11 12:51:57.660,1.40913,1.40929,1.00,1.07
2015.12.11 12:51:57.712,1.40913,1.40931,1.00,1.00
2015.12.11 12:51:57.813,1.40905,1.40926,1.58,1.00
2015.12.11 12:51:57.915,1.409,1.40933,1.75,1.50
2015.12.11 12:51:58.117,1.40894,1.40931,2.25,1.00
2015.12.11 12:51:58.320,1.40895,1.40934,1.75,1.50
2015.12.11 12:51:58.422,1.40895,1.40934,1.75,1.00
2015.12.11 12:51:58.715,1.40895,1.40932,1.75,1.00
2015.12.11 12:51:59.017,1.40894,1.4093,1.75,1.00
2015.12.11 12:51:59.536,1.40896,1.40929,1.75,1.00
2015.12.11 12:51:59.637,1.40896,1.40929,1.75,1.00
2015.12.11 12:51:59.739,1.40908,1.40929,1.50,1.00
2015.12.11 12:52:00.042,1.40903,1.4093,1.75,1.00
2015.12.11 12:52:00.144,1.40888,1.40932,1.75,1.00
2015.12.11 12:52:00.195,1.40891,1.40932,1.75,1.00
2015.12.11 12:52:00.397,1.40891,1.40932,2.92,1.07
2015.12.11 12:52:00.818,1.40898,1.4093,1.75,1.00
2015.12.11 12:52:00.969,1.40896,1.4093,1.75,1.00
2015.12.11 12:52:01.616,1.40896,1.4093,1.75,1.00
2015.12.11 12:52:02.528,1.40894,1.40931,1.75,1.00
2015.12.11 12:52:02.911,1.40894,1.40931,1.75,1.07
2015.12.11 12:52:03.944,1.40896,1.40929,1.75,1.10
2015.12.11 12:52:04.448,1.40894,1.40929,1.75,1.00
2015.12.11 12:52:04.898,1.40895,1.40929,1.75,1.00
2015.12.11 12:52:05.050,1.40892,1.40929,1.75,1.07
2015.12.11 12:52:05.151,1.40892,1.40929,1.75,1.12
2015.12.11 12:52:05.599,1.40892,1.40929,1.75,1.12
2015.12.11 12:52:06.239,1.40892,1.40929,1.75,1.50
2015.12.11 12:52:09.965,1.40892,1.40929,1.75,1.75
2015.12.11 12:52:10.217,1.40896,1.40928,1.57,1.37
2015.12.11 12:52:10.319,1.40896,1.4093,1.75,1.12
2015.12.11 12:52:10.420,1.40896,1.4093,1.75,1.07
2015.12.11 12:52:10.722,1.40896,1.4093,1.75,1.00
2015.12.11 12:52:11.110,1.40902,1.40931,1.75,1.00
2015.12.11 12:52:11.413,1.40904,1.40931,1.75,1.00
2015.12.11 12:52:11.716,1.40902,1.40931,1.75,1.00
2015.12.11 12:52:11.766,1.40902,1.40929,1.75,1.00
2015.12.11 12:52:12.334,1.409,1.40928,1.75,1.00
2015.12.11 12:52:12.385,1.40903,1.40929,1.37,1.00
2015.12.11 12:52:12.487,1.40903,1.40929,1.75,1.00
2015.12.11 12:52:12.789,1.40901,1.40929,1.75,1.00
2015.12.11 12:52:12.840,1.409,1.40929,1.75,1.00
2015.12.11 12:52:13.042,1.409,1.40929,1.75,1.00
2015.12.11 12:52:14.307,1.40898,1.40928,1.75,1.00
2015.12.11 12:52:14.358,1.40898,1.40928,1.75,1.00
2015.12.11 12:52:14.947,1.40898,1.40928,1.75,1.00
2015.12.11 12:52:15.604,1.40898,1.40928,1.75,1.07
2015.12.11 12:52:17.463,1.40898,1.40928,1.50,1.07
2015.12.11 12:52:18.030,1.40898,1.40928,1.75,1.10
2015.12.11 12:52:18.593,1.40896,1.40928,2.25,1.07
2015.12.11 12:52:18.644,1.40896,1.40928,1.75,1.12
2015.12.11 12:52:19.240,1.40896,1.40928,2.25,1.07
2015.12.11 12:52:20.626,1.40898,1.40928,2.25,1.10
2015.12.11 12:52:21.200,1.40897,1.40928,1.75,1.00
2015.12.11 12:52:27.231,1.40904,1.40928,1.75,1.00
2015.12.11 12:52:28.545,1.40907,1.40928,1.75,1.00
2015.12.11 12:52:29.037,1.40922,1.40928,1.00,1.00
2015.12.11 12:52:29.648,1.40922,1.40931,1.00,1.00
2015.12.11 12:52:29.749,1.40924,1.40931,1.00,1.00
2015.12.11 12:52:29.951,1.40915,1.40931,1.50,1.00
2015.12.11 12:52:30.768,1.40913,1.40929,1.75,1.00
2015.12.11 12:52:31.291,1.40913,1.4093,1.75,1.00
2015.12.11 12:52:31.596,1.40913,1.40927,1.75,1.00
2015.12.11 12:52:32.103,1.40914,1.40927,1.75,1.00
2015.12.11 12:52:32.612,1.4091,1.40928,1.75,1.00
2015.12.11 12:52:32.764,1.4091,1.40928,1.50,1.00
2015.12.11 12:52:32.866,1.40905,1.40928,1.75,1.00
2015.12.11 12:52:33.327,1.40902,1.40928,2.25,1.00
2015.12.11 12:52:33.770,1.40902,1.40928,1.75,1.00
2015.12.11 12:52:34.767,1.40901,1.40927,2.25,1.00
2015.12.11 12:52:35.268,1.40898,1.40927,2.25,1.00
2015.12.11 12:52:35.319,1.40898,1.40927,2.25,1.00
2015.12.11 12:52:35.621,1.409,1.40927,1.75,1.00
2015.12.11 12:52:38.569,1.409,1.40927,1.75,1.00
2015.12.11 12:52:45.187,1.40899,1.40927,1.50,1.00
2015.12.11 12:53:19.842,1.40898,1.40927,1.50,1.10
2015.12.11 12:53:20.362,1.40899,1.40927,1.50,1.00
2015.12.11 12:53:28.729,1.40899,1.40927,1.75,1.00
2015.12.11 12:53:35.213,1.40899,1.40932,1.75,1.37
2015.12.11 12:54:29.236,1.409,1.40931,1.75,1.07
2015.12.11 12:54:31.449,1.40898,1.40932,1.75,1.37
2015.12.11 12:54:32.231,1.40896,1.40931,2.25,1.37
2015.12.11 12:54:41.260,1.40899,1.40932,1.75,1.37
2015.12.11 12:54:42.209,1.409,1.40932,1.50,1.12
2015.12.11 12:54:49.039,1.409,1.40931,1.75,1.07
2015.12.11 12:54:50.689,1.40901,1.40931,1.75,1.07
2015.12.11 12:54:55.089,1.40897,1.40931,2.25,1.07
2015.12.11 12:54:57.207,1.40897,1.40931,1.75,1.37
2015.12.11 12:55:00.887,1.40896,1.40931,1.75,1.37
2015.12.11 12:55:09.169,1.40898,1.40931,1.75,1.12
2015.12.11 12:55:12.018,1.40898,1.40931,1.50,1.37
2015.12.11 12:55:20.491,1.40897,1.40931,1.75,1.12
2015.12.11 12:55:30.278,1.40897,1.40931,2.25,1.07
2015.12.11 12:55:30.429,1.40902,1.40931,1.50,1.10
2015.12.11 12:56:10.240,1.40898,1.40931,2.25,1.10
2015.12.11 12:56:12.297,1.409,1.40932,1.75,1.07
2015.12.11 12:56:13.305,1.40915,1.40926,1.75,1.00
2015.12.11 12:56:13.406,1.4092,1.40941,1.12,1.00
2015.12.11 12:56:13.508,1.40914,1.40938,1.75,1.00
2015.12.11 12:56:13.609,1.40921,1.40949,1.12,1.50
2015.12.11 12:56:13.660,1.40921,1.40949,1.75,1.07
2015.12.11 12:56:14.011,1.40921,1.40949,1.75,1.10
2015.12.11 12:56:14.733,1.40924,1.40953,2.25,1.00
2015.12.11 12:56:14.784,1.40924,1.40959,2.25,1.50
2015.12.11 12:56:14.987,1.40926,1.40961,1.75,1.07
2015.12.11 12:56:15.517,1.40926,1.40963,1.75,1.12
2015.12.11 12:56:16.291,1.40927,1.40967,2.25,1.37
2015.12.11 12:56:16.790,1.40931,1.40968,1.75,1.50
2015.12.11 12:56:17.169,1.40929,1.40976,1.07,3.75
2015.12.11 12:56:17.270,1.40925,1.40973,1.75,3.00
2015.12.11 12:56:17.371,1.40922,1.40959,1.75,1.00
2015.12.11 12:56:17.703,1.40921,1.40958,1.75,1.10
2015.12.11 12:56:18.229,1.40915,1.40974,1.75,1.75
2015.12.11 12:56:18.480,1.40915,1.40974,1.75,1.75
2015.12.11 12:56:21.883,1.40916,1.40974,1.75,1.75
2015.12.11 12:56:29.494,1.40928,1.40974,1.12,2.25
2015.12.11 12:56:39.955,1.40924,1.40974,1.75,1.75
2015.12.11 12:56:45.849,1.40919,1.40974,1.75,2.25
2015.12.11 12:56:47.182,1.40915,1.40973,1.75,1.75
2015.12.11 12:57:09.951,1.40914,1.40974,2.25,3.00
2015.12.11 12:57:11.297,1.40914,1.40973,1.75,1.75
2015.12.11 12:57:13.908,1.40911,1.40969,1.75,1.75
2015.12.11 12:57:15.110,1.40914,1.40954,1.75,1.07
2015.12.11 12:57:15.482,1.40915,1.40955,1.75,1.37
2015.12.11 12:57:16.018,1.40918,1.40958,2.25,1.37
2015.12.11 12:57:18.216,1.40919,1.40958,1.75,1.50
2015.12.11 12:57:26.567,1.40917,1.40957,2.25,1.50
2015.12.11 12:57:26.807,1.40917,1.40957,2.25,1.75
2015.12.11 12:57:35.139,1.40917,1.40959,2.25,1.75
2015.12.11 12:57:38.501,1.40919,1.40958,1.75,1.75
2015.12.11 12:57:43.935,1.40923,1.40959,1.75,1.37
2015.12.11 12:57:44.037,1.40931,1.40963,1.37,1.37
2015.12.11 12:57:44.440,1.4093,1.40963,1.75,1.07
2015.12.11 12:57:46.807,1.40931,1.40963,1.75,1.07
2015.12.11 12:57:49.433,1.40931,1.40964,1.75,1.07
2015.12.11 12:57:52.754,1.40931,1.40966,2.25,1.07
2015.12.11 12:57:53.263,1.40931,1.40967,1.75,1.07
2015.12.11 12:57:54.024,1.40932,1.40965,1.75,1.00
2015.12.11 12:57:54.695,1.40932,1.40967,1.75,1.07
2015.12.11 12:57:54.998,1.40936,1.40967,1.75,1.00
2015.12.11 12:57:55.526,1.40936,1.40967,1.75,1.00
2015.12.11 12:58:07.016,1.40934,1.40968,2.25,1.00
2015.12.11 12:58:07.546,1.40934,1.40968,2.25,1.00
2015.12.11 12:58:08.846,1.40934,1.40968,2.25,1.00
2015.12.11 12:58:09.148,1.40935,1.40966,1.75,1.00
2015.12.11 12:58:13.725,1.40935,1.40968,1.75,1.00
2015.12.11 12:58:13.977,1.40934,1.40968,1.75,1.00
2015.12.11 12:58:14.842,1.40935,1.40968,1.75,1.00
2015.12.11 12:58:15.168,1.40935,1.40968,2.25,1.00
2015.12.11 12:58:15.471,1.40935,1.40966,1.75,1.00
2015.12.11 12:58:16.139,1.40935,1.40967,1.75,1.00
2015.12.11 12:58:16.647,1.40937,1.40968,1.75,1.00
2015.12.11 12:58:30.336,1.40936,1.40967,1.75,1.00
2015.12.11 12:58:36.548,1.40936,1.40966,1.75,1.00
2015.12.11 12:58:40.176,1.40937,1.40967,2.25,1.00
2015.12.11 12:58:41.069,1.40937,1.40967,2.25,1.00
2015.12.11 12:58:44.491,1.40937,1.40967,1.75,1.00
2015.12.11 12:58:53.910,1.40937,1.40966,1.75,1.00
2015.12.11 12:58:54.237,1.40935,1.40964,1.75,1.00
2015.12.11 12:58:54.454,1.40933,1.40966,1.75,1.00
2015.12.11 12:58:55.309,1.4094,1.40971,1.75,1.00
2015.12.11 12:58:55.359,1.4094,1.40971,1.75,1.00
2015.12.11 12:58:56.145,1.40942,1.4097,1.75,1.00
2015.12.11 12:59:30.582,1.40944,1.4097,2.25,1.00
2015.12.11 12:59:31.904,1.40947,1.40969,1.12,1.00
2015.12.11 12:59:32.523,1.40947,1.40969,1.75,1.00
2015.12.11 12:59:33.035,1.40945,1.40969,1.75,1.00
2015.12.11 12:59:33.574,1.40945,1.40968,1.75,1.00
2015.12.11 12:59:34.109,1.40945,1.40967,1.75,1.00
2015.12.11 12:59:35.433,1.40945,1.40977,2.25,1.00
2015.12.11 12:59:35.484,1.40949,1.4098,1.75,1.10
2015.12.11 12:59:35.736,1.40954,1.40982,1.07,1.00
2015.12.11 12:59:36.698,1.40951,1.40983,1.75,1.00
2015.12.11 12:59:37.174,1.40954,1.40983,1.42,1.00
2015.12.11 12:59:38.437,1.40954,1.40982,2.17,1.00
2015.12.11 12:59:55.177,1.40953,1.40977,1.42,1.00
2015.12.11 12:59:55.429,1.40943,1.40974,1.75,2.25
2015.12.11 12:59:55.835,1.40943,1.40974,1.75,1.07
2015.12.11 12:59:55.887,1.40942,1.40969,2.25,1.00
2015.12.11 12:59:56.374,1.40942,1.40969,1.75,1.00
