2014.12.03 07:00:00.665,1.31052,1.3107,1.32,1.10
2014.12.03 07:00:08.674,1.31053,1.31073,2.44,1.31
2014.12.03 07:00:20.793,1.31056,1.31074,2.51,3.00
2014.12.03 07:00:26.538,1.31056,1.31074,1.57,3.19
2014.12.03 07:00:34.799,1.31057,1.31074,1.19,3.00
2014.12.03 07:00:36.644,1.31056,1.31074,2.51,3.00
2014.12.03 07:00:37.859,1.31056,1.31074,1.57,3.00
2014.12.03 07:01:27.689,1.31053,1.31072,1.76,1.69
2014.12.03 07:01:30.863,1.31052,1.31072,1.19,1.12
2014.12.03 07:01:33.092,1.31049,1.31072,3.19,1.12
2014.12.03 07:01:33.150,1.31052,1.31072,1.19,1.12
2014.12.03 07:01:36.561,1.31052,1.31072,1.25,2.06
2014.12.03 07:01:38.064,1.31052,1.3107,1.19,1.10
2014.12.03 07:01:41.208,1.31051,1.3107,1.01,1.10
2014.12.03 07:01:47.286,1.31054,1.3107,1.19,1.10
2014.12.03 07:01:47.859,1.31053,1.3107,1.19,1.10
2014.12.03 07:01:48.343,1.31051,1.31073,1.29,2.25
2014.12.03 07:01:48.495,1.31052,1.31082,1.69,1.69
2014.12.03 07:01:48.597,1.31052,1.31082,1.94,1.31
2014.12.03 07:01:48.915,1.31056,1.31077,1.50,1.00
2014.12.03 07:01:49.433,1.31053,1.31083,1.94,2.44
2014.12.03 07:01:49.484,1.31053,1.31083,1.94,2.06
2014.12.03 07:01:50.141,1.31053,1.31083,1.94,1.31
2014.12.03 07:02:03.576,1.31053,1.31085,1.75,1.12
2014.12.03 07:02:08.271,1.31055,1.31083,2.00,1.29
2014.12.03 07:02:11.496,1.31055,1.31082,1.94,1.19
2014.12.03 07:02:13.836,1.31053,1.31082,1.94,1.25
2014.12.03 07:02:14.608,1.31053,1.31071,1.94,1.00
2014.12.03 07:02:14.760,1.31052,1.31071,2.06,1.00
2014.12.03 07:02:18.106,1.31052,1.31067,1.12,1.25
2014.12.03 07:02:19.258,1.31049,1.31064,1.12,1.25
2014.12.03 07:02:19.308,1.31048,1.31064,1.45,1.25
2014.12.03 07:02:28.191,1.31048,1.31063,1.20,1.25
2014.12.03 07:02:32.264,1.31048,1.31061,1.20,1.25
2014.12.03 07:02:34.601,1.31053,1.31065,1.00,1.25
2014.12.03 07:02:34.702,1.31053,1.31067,1.00,1.25
2014.12.03 07:02:34.803,1.31053,1.31064,1.00,1.25
2014.12.03 07:02:34.854,1.31047,1.31064,1.95,1.25
2014.12.03 07:02:34.955,1.31047,1.31062,1.57,1.25
2014.12.03 07:02:35.377,1.31048,1.31067,1.39,1.29
2014.12.03 07:02:36.729,1.31048,1.31067,1.39,1.01
2014.12.03 07:02:41.151,1.31048,1.31068,1.10,1.76
2014.12.03 07:02:41.202,1.31048,1.31068,1.00,2.06
2014.12.03 07:02:41.418,1.31043,1.31065,1.20,1.39
2014.12.03 07:02:41.623,1.31043,1.31064,1.00,1.37
2014.12.03 07:02:58.251,1.31043,1.31065,1.00,1.94
2014.12.03 07:03:00.554,1.31045,1.31065,1.25,1.94
2014.12.03 07:03:00.857,1.31047,1.31067,2.06,1.64
2014.12.03 07:03:08.283,1.31049,1.31069,1.19,2.62
2014.12.03 07:03:08.585,1.31064,1.31084,1.69,2.25
2014.12.03 07:03:08.837,1.3107,1.3109,1.09,1.56
2014.12.03 07:03:08.941,1.3107,1.3109,1.10,1.56
2014.12.03 07:03:09.050,1.31074,1.3109,1.00,1.56
2014.12.03 07:03:10.379,1.31069,1.31091,1.69,1.62
2014.12.03 07:03:10.530,1.31068,1.3109,2.40,1.66
2014.12.03 07:03:11.331,1.31068,1.3109,3.07,1.66
2014.12.03 07:03:11.870,1.31068,1.3109,3.07,1.66
2014.12.03 07:03:20.387,1.31067,1.31076,2.17,1.37
2014.12.03 07:03:20.438,1.31067,1.31076,1.50,1.37
2014.12.03 07:03:20.489,1.31055,1.31073,2.06,1.50
2014.12.03 07:03:20.539,1.31055,1.31073,1.31,2.25
2014.12.03 07:03:21.052,1.31055,1.31073,1.31,2.25
2014.12.03 07:03:53.011,1.31055,1.31072,1.20,1.19
2014.12.03 07:03:53.127,1.31055,1.31073,1.20,1.57
2014.12.03 07:04:01.121,1.31055,1.31073,2.14,1.57
2014.12.03 07:04:03.021,1.31055,1.31073,2.06,2.25
2014.12.03 07:04:07.107,1.31055,1.31073,1.12,2.25
2014.12.03 07:04:08.560,1.31055,1.31073,1.12,1.87
2014.12.03 07:04:20.105,1.31048,1.31066,2.00,1.00
2014.12.03 07:04:20.206,1.31046,1.31064,2.81,1.50
2014.12.03 07:04:20.986,1.31046,1.31064,1.19,2.25
2014.12.03 07:04:21.188,1.31044,1.31064,1.39,3.19
2014.12.03 07:04:21.877,1.31044,1.31064,1.62,3.19
2014.12.03 07:04:25.991,1.31044,1.31059,1.37,1.25
2014.12.03 07:04:30.291,1.31044,1.31057,1.37,1.25
2014.12.03 07:04:30.894,1.31044,1.31058,1.37,1.25
2014.12.03 07:04:31.963,1.31038,1.31054,3.45,1.25
2014.12.03 07:04:32.327,1.31036,1.31052,3.00,1.25
2014.12.03 07:04:32.630,1.31034,1.31052,1.87,1.25
2014.12.03 07:04:33.341,1.31034,1.3105,1.12,1.25
2014.12.03 07:04:33.644,1.31028,1.31048,1.87,1.25
2014.12.03 07:04:35.308,1.31028,1.31045,1.87,1.25
2014.12.03 07:04:37.251,1.31028,1.31047,1.87,1.25
2014.12.03 07:04:40.192,1.3103,1.31052,1.64,2.51
2014.12.03 07:04:41.506,1.31029,1.31051,1.69,1.25
2014.12.03 07:04:54.593,1.31033,1.31052,1.25,1.76
2014.12.03 07:04:57.903,1.31032,1.31052,1.25,2.51
2014.12.03 07:05:00.241,1.31031,1.31051,1.39,1.31
2014.12.03 07:05:01.095,1.31031,1.31051,1.31,1.69
2014.12.03 07:05:14.311,1.31035,1.31052,1.25,1.37
2014.12.03 07:05:14.563,1.31035,1.31054,1.25,3.19
2014.12.03 07:05:15.461,1.31033,1.31054,1.39,2.25
2014.12.03 07:05:16.031,1.31033,1.31054,1.66,1.87
2014.12.03 07:05:16.233,1.31032,1.31051,1.22,1.25
2014.12.03 07:05:16.778,1.31031,1.31051,1.56,1.32
2014.12.03 07:05:21.424,1.31031,1.31051,1.31,1.39
2014.12.03 07:05:33.397,1.31031,1.31053,1.39,2.44
2014.12.03 07:05:34.532,1.31031,1.31044,1.39,1.00
2014.12.03 07:05:34.834,1.31028,1.31044,1.10,1.00
2014.12.03 07:05:34.936,1.31028,1.31046,1.57,1.25
2014.12.03 07:05:35.037,1.31028,1.31049,2.44,1.20
2014.12.03 07:05:35.897,1.31028,1.31047,1.87,1.25
2014.12.03 07:05:39.811,1.31029,1.31051,1.69,1.39
2014.12.03 07:05:39.885,1.31029,1.31051,1.69,1.26
2014.12.03 07:05:40.201,1.31037,1.31051,1.50,1.07
2014.12.03 07:05:40.646,1.31037,1.31053,1.50,1.57
2014.12.03 07:05:41.881,1.31033,1.31053,2.14,1.95
2014.12.03 07:05:41.932,1.31033,1.31051,1.66,1.00
2014.12.03 07:05:42.476,1.31033,1.31053,2.44,1.87
2014.12.03 07:05:43.176,1.31035,1.31053,1.00,1.87
2014.12.03 07:05:43.480,1.31028,1.31047,3.00,1.12
2014.12.03 07:05:43.850,1.31028,1.31049,2.06,1.25
2014.12.03 07:05:44.372,1.31028,1.31049,2.06,1.25
2014.12.03 07:05:44.628,1.3103,1.31052,1.64,1.76
2014.12.03 07:05:47.880,1.31031,1.31052,1.62,1.32
2014.12.03 07:05:52.104,1.31033,1.31051,1.00,1.01
2014.12.03 07:05:52.155,1.31033,1.31051,1.37,1.01
2014.12.03 07:05:52.569,1.31036,1.31053,1.50,1.00
2014.12.03 07:05:53.838,1.31036,1.31051,1.50,1.00
2014.12.03 07:05:53.989,1.31032,1.31051,2.06,1.25
2014.12.03 07:05:54.191,1.31032,1.31051,1.31,1.32
2014.12.03 07:05:55.377,1.31036,1.31052,1.50,1.69
2014.12.03 07:05:55.478,1.31036,1.31053,1.50,1.12
2014.12.03 07:05:56.459,1.31036,1.31054,1.50,1.69
2014.12.03 07:05:57.341,1.31036,1.31051,1.50,1.00
2014.12.03 07:05:57.897,1.31035,1.31051,1.31,1.00
2014.12.03 07:05:59.319,1.31032,1.31054,2.14,2.89
2014.12.03 07:05:59.420,1.31037,1.31053,1.50,1.76
2014.12.03 07:06:01.888,1.31037,1.31052,1.50,1.00
2014.12.03 07:06:01.938,1.31035,1.31052,1.25,1.00
2014.12.03 07:06:02.927,1.31033,1.31052,1.25,1.25
2014.12.03 07:06:03.608,1.31033,1.31052,1.25,1.32
2014.12.03 07:06:11.653,1.31034,1.31052,1.19,1.07
2014.12.03 07:06:14.429,1.31033,1.31052,1.19,1.32
2014.12.03 07:06:21.817,1.31031,1.31052,1.64,1.07
2014.12.03 07:06:22.921,1.31033,1.31052,1.19,1.07
2014.12.03 07:06:27.849,1.31035,1.31053,1.25,2.25
2014.12.03 07:06:28.436,1.31035,1.31053,1.31,1.87
2014.12.03 07:06:32.725,1.31037,1.31055,1.50,2.81
2014.12.03 07:06:33.618,1.31037,1.31055,1.50,2.81
2014.12.03 07:06:35.249,1.31037,1.31056,1.57,3.56
2014.12.03 07:06:35.350,1.31036,1.31056,2.25,3.56
2014.12.03 07:06:35.653,1.31044,1.31056,1.07,1.25
2014.12.03 07:06:35.754,1.31044,1.31059,1.20,1.19
2014.12.03 07:06:35.856,1.31044,1.31062,1.31,1.00
2014.12.03 07:06:36.007,1.31044,1.31065,1.39,1.01
2014.12.03 07:06:44.480,1.31044,1.31066,1.39,2.51
2014.12.03 07:06:46.179,1.31046,1.31066,1.25,1.76
2014.12.03 07:06:46.439,1.31046,1.31066,1.25,2.06
2014.12.03 07:06:48.102,1.31045,1.31066,1.39,1.87
2014.12.03 07:06:51.518,1.31044,1.31066,1.00,2.44
2014.12.03 07:06:57.871,1.31043,1.31064,1.01,1.01
2014.12.03 07:07:21.278,1.31044,1.31065,1.19,1.32
2014.12.03 07:07:22.585,1.31043,1.31065,2.14,1.07
2014.12.03 07:07:34.160,1.31042,1.31066,2.51,1.50
2014.12.03 07:07:34.846,1.31042,1.31066,2.81,1.20
2014.12.03 07:07:36.633,1.31044,1.31066,1.39,1.39
2014.12.03 07:07:46.270,1.31042,1.31066,2.81,1.20
2014.12.03 07:07:48.195,1.31042,1.31066,2.14,1.87
2014.12.03 07:07:55.216,1.31042,1.31065,1.20,1.22
2014.12.03 07:08:04.789,1.31042,1.31063,1.20,1.29
2014.12.03 07:08:05.557,1.3104,1.31062,2.14,1.70
2014.12.03 07:08:06.094,1.31041,1.31061,1.31,1.39
2014.12.03 07:08:07.824,1.3104,1.31062,2.14,2.14
2014.12.03 07:08:10.033,1.31041,1.31061,1.31,1.39
2014.12.03 07:08:15.601,1.3104,1.31062,2.14,2.14
2014.12.03 07:08:19.080,1.31041,1.31061,1.31,1.39
2014.12.03 07:08:20.268,1.31041,1.31062,1.31,1.70
2014.12.03 07:08:22.172,1.31041,1.31061,1.31,1.39
2014.12.03 07:08:25.337,1.3104,1.31062,2.14,2.14
2014.12.03 07:08:28.047,1.3104,1.3106,2.14,1.25
2014.12.03 07:08:29.151,1.31038,1.3106,1.29,1.76
2014.12.03 07:08:35.473,1.31038,1.3106,1.01,1.76
2014.12.03 07:08:44.622,1.31038,1.31058,1.01,1.19
2014.12.03 07:08:49.739,1.31037,1.3106,3.45,1.01
2014.12.03 07:08:50.836,1.31037,1.31058,3.64,1.25
2014.12.03 07:08:53.249,1.31037,1.31061,3.64,2.06
2014.12.03 07:08:53.809,1.31038,1.3106,1.29,1.76
2014.12.03 07:08:55.376,1.31038,1.31058,1.01,1.19
2014.12.03 07:08:57.364,1.31038,1.31058,1.29,1.25
2014.12.03 07:09:01.392,1.31038,1.31058,1.29,1.62
2014.12.03 07:09:01.897,1.31037,1.31057,4.01,1.31
2014.12.03 07:09:03.322,1.31037,1.31058,3.26,1.62
2014.12.03 07:09:20.872,1.31037,1.31055,2.32,1.19
2014.12.03 07:09:20.973,1.31037,1.31059,2.32,2.14
2014.12.03 07:09:21.477,1.31037,1.31057,2.32,1.31
2014.12.03 07:09:27.088,1.31037,1.31057,2.32,1.31
2014.12.03 07:09:28.605,1.31037,1.31058,2.32,1.66
2014.12.03 07:09:30.811,1.31037,1.31056,2.32,1.19
2014.12.03 07:09:39.130,1.31037,1.3106,1.57,2.81
2014.12.03 07:09:39.788,1.31037,1.31057,2.51,1.31
2014.12.03 07:09:43.644,1.31037,1.31057,2.51,1.31
2014.12.03 07:09:46.597,1.31037,1.31057,2.89,1.31
2014.12.03 07:09:48.190,1.31037,1.31057,1.95,1.31
2014.12.03 07:09:50.749,1.31037,1.31057,2.89,1.31
2014.12.03 07:09:57.525,1.31037,1.31055,1.95,1.25
2014.12.03 07:09:58.114,1.31037,1.31053,1.87,1.50
2014.12.03 07:09:59.146,1.31037,1.31055,1.12,1.10
2014.12.03 07:09:59.847,1.31037,1.31057,1.20,1.31
2014.12.03 07:10:00.357,1.31037,1.31057,2.14,1.31
2014.12.03 07:10:04.045,1.31037,1.31059,2.14,2.14
2014.12.03 07:10:14.718,1.31037,1.31056,1.20,1.19
2014.12.03 07:10:15.038,1.31037,1.31053,1.50,1.95
2014.12.03 07:10:15.340,1.3103,1.31052,2.44,2.14
2014.12.03 07:10:15.566,1.3103,1.31052,1.76,2.14
2014.12.03 07:10:17.845,1.31034,1.31053,1.00,1.76
2014.12.03 07:10:19.275,1.3103,1.31052,1.31,1.62
2014.12.03 07:10:19.788,1.3103,1.3105,1.31,1.56
2014.12.03 07:10:21.581,1.31029,1.31045,2.06,1.00
2014.12.03 07:10:21.735,1.31027,1.31043,3.19,1.50
2014.12.03 07:10:22.635,1.31027,1.31043,1.57,1.50
2014.12.03 07:10:22.686,1.31027,1.31043,1.57,2.06
2014.12.03 07:10:22.737,1.31024,1.31044,1.10,2.89
2014.12.03 07:10:22.787,1.31024,1.31037,1.10,1.00
2014.12.03 07:10:23.046,1.31016,1.31037,2.62,1.37
2014.12.03 07:10:23.371,1.3102,1.31038,1.20,1.25
2014.12.03 07:10:24.585,1.31024,1.31041,1.00,1.70
2014.12.03 07:10:24.736,1.31024,1.31044,1.00,2.44
2014.12.03 07:10:25.328,1.31024,1.31044,1.10,1.39
2014.12.03 07:10:25.835,1.31024,1.31044,1.10,1.31
2014.12.03 07:10:25.886,1.31024,1.31043,1.10,1.19
2014.12.03 07:10:26.377,1.31021,1.31041,1.12,1.62
2014.12.03 07:10:26.478,1.3102,1.31041,1.31,1.62
2014.12.03 07:10:27.154,1.3102,1.31041,1.32,1.70
2014.12.03 07:10:29.323,1.31024,1.31043,1.00,2.25
2014.12.03 07:10:29.830,1.31024,1.31044,1.20,1.62
2014.12.03 07:10:31.592,1.31024,1.31043,1.20,1.25
2014.12.03 07:10:32.116,1.31024,1.31045,1.20,1.39
2014.12.03 07:10:50.028,1.31024,1.31043,1.10,1.25
2014.12.03 07:10:53.703,1.31024,1.31043,1.10,1.19
2014.12.03 07:10:58.326,1.31024,1.31044,1.10,1.31
2014.12.03 07:10:59.921,1.31024,1.31042,1.10,1.25
2014.12.03 07:11:00.247,1.3102,1.31042,1.31,1.31
2014.12.03 07:11:00.553,1.31019,1.31039,2.81,1.19
2014.12.03 07:11:01.071,1.31019,1.31039,2.06,1.56
2014.12.03 07:11:07.008,1.31019,1.31039,1.12,1.62
2014.12.03 07:11:12.092,1.31019,1.31037,1.12,1.31
2014.12.03 07:11:13.461,1.31019,1.31037,1.12,2.06
2014.12.03 07:11:13.764,1.31007,1.31023,2.62,1.50
2014.12.03 07:11:13.815,1.31007,1.31023,2.81,1.50
2014.12.03 07:11:13.865,1.31018,1.31023,1.00,1.50
2014.12.03 07:11:13.916,1.31018,1.31029,1.00,1.00
2014.12.03 07:11:14.067,1.31011,1.31028,1.12,1.00
2014.12.03 07:11:14.118,1.31011,1.31026,1.12,1.00
2014.12.03 07:11:14.320,1.31009,1.31026,2.00,1.00
2014.12.03 07:11:14.421,1.31006,1.31024,2.06,1.00
2014.12.03 07:11:14.622,1.31009,1.31031,1.94,3.00
2014.12.03 07:11:14.673,1.3101,1.31031,1.31,3.00
2014.12.03 07:11:14.724,1.3101,1.31031,1.31,1.37
2014.12.03 07:11:15.001,1.31015,1.31035,1.75,1.56
2014.12.03 07:11:15.055,1.31015,1.31035,1.50,1.56
2014.12.03 07:11:16.410,1.31015,1.31036,1.50,1.69
2014.12.03 07:11:17.503,1.31015,1.31036,1.50,1.25
2014.12.03 07:11:18.667,1.31015,1.31035,1.50,1.25
2014.12.03 07:11:20.274,1.31015,1.31036,1.50,1.25
2014.12.03 07:11:22.138,1.31016,1.31037,1.12,2.06
2014.12.03 07:11:22.445,1.31015,1.31036,1.12,1.31
2014.12.03 07:11:23.523,1.31014,1.31036,2.00,1.87
2014.12.03 07:11:24.058,1.31013,1.3103,2.00,1.00
2014.12.03 07:11:24.185,1.31013,1.3103,1.31,1.00
2014.12.03 07:11:24.693,1.31012,1.31034,1.50,2.14
2014.12.03 07:11:25.195,1.31011,1.3103,1.12,1.00
2014.12.03 07:11:25.296,1.31009,1.3103,2.06,1.00
2014.12.03 07:11:25.448,1.31009,1.3103,1.69,1.50
2014.12.03 07:11:25.505,1.31009,1.3103,1.26,1.50
2014.12.03 07:11:27.584,1.31008,1.31028,2.06,1.62
2014.12.03 07:11:28.389,1.31008,1.31028,1.76,1.70
2014.12.03 07:11:29.441,1.31008,1.31027,1.01,1.66
2014.12.03 07:11:36.946,1.31008,1.31028,1.07,1.39
2014.12.03 07:11:37.140,1.31008,1.31028,1.07,1.01
2014.12.03 07:11:43.541,1.31009,1.31029,1.29,1.76
2014.12.03 07:11:44.215,1.31008,1.31028,1.76,1.29
2014.12.03 07:11:50.948,1.31008,1.31027,2.06,1.25
2014.12.03 07:11:51.423,1.31011,1.3103,1.01,1.39
2014.12.03 07:11:52.153,1.31011,1.3103,1.39,1.25
2014.12.03 07:11:54.605,1.31012,1.3103,1.31,1.00
2014.12.03 07:11:56.320,1.31011,1.3103,1.39,1.00
2014.12.03 07:12:07.317,1.31012,1.3103,1.39,1.00
2014.12.03 07:12:09.160,1.31011,1.3103,1.70,1.00
2014.12.03 07:12:12.769,1.31012,1.3103,1.39,1.00
2014.12.03 07:12:25.113,1.31012,1.31033,1.39,1.47
2014.12.03 07:12:27.168,1.31015,1.31034,1.25,3.26
2014.12.03 07:12:33.875,1.31013,1.31033,1.12,1.10
2014.12.03 07:12:33.925,1.31013,1.31033,2.44,1.10
2014.12.03 07:12:33.976,1.31013,1.31035,2.81,1.10
2014.12.03 07:12:34.027,1.31021,1.31037,1.00,1.12
2014.12.03 07:12:34.178,1.31021,1.31039,1.37,1.12
2014.12.03 07:12:34.396,1.31018,1.31035,2.06,1.00
2014.12.03 07:12:34.901,1.31017,1.31035,1.66,1.00
2014.12.03 07:12:36.358,1.31017,1.31037,1.66,1.32
2014.12.03 07:12:36.661,1.31019,1.31038,1.62,1.32
2014.12.03 07:12:37.452,1.31019,1.31038,1.62,1.25
2014.12.03 07:12:40.707,1.3102,1.31038,1.31,1.00
2014.12.03 07:12:41.688,1.31021,1.31038,1.39,1.00
2014.12.03 07:12:46.174,1.31019,1.31038,1.66,1.10
2014.12.03 07:13:06.523,1.3102,1.31038,1.25,1.20
2014.12.03 07:13:07.617,1.31017,1.31039,2.89,2.44
2014.12.03 07:13:12.763,1.31017,1.31039,2.51,2.44
2014.12.03 07:13:37.339,1.31018,1.31038,1.01,1.39
2014.12.03 07:13:50.154,1.31018,1.31038,1.29,2.14
2014.12.03 07:13:55.772,1.31018,1.31038,1.01,2.14
2014.12.03 07:14:01.800,1.31018,1.31038,1.29,2.14
2014.12.03 07:14:14.792,1.31017,1.31038,2.51,1.39
2014.12.03 07:14:22.133,1.31017,1.31038,1.57,2.14
2014.12.03 07:14:23.517,1.31017,1.31038,1.57,2.14
2014.12.03 07:14:23.568,1.31017,1.31034,1.57,1.00
2014.12.03 07:14:25.729,1.31016,1.31036,2.89,1.31
2014.12.03 07:14:26.156,1.31017,1.31033,1.69,1.50
2014.12.03 07:14:28.483,1.31017,1.31036,1.50,1.56
2014.12.03 07:14:28.989,1.31017,1.31033,1.57,1.50
2014.12.03 07:14:29.872,1.31017,1.31033,1.50,1.50
2014.12.03 07:14:30.862,1.31016,1.31035,2.62,2.14
2014.12.03 07:14:31.472,1.31016,1.31035,2.70,1.62
2014.12.03 07:14:32.133,1.31016,1.31036,3.64,1.25
2014.12.03 07:14:36.686,1.31017,1.31038,1.10,2.14
2014.12.03 07:14:37.765,1.31017,1.31037,1.76,1.31
2014.12.03 07:14:41.976,1.31017,1.31038,1.76,1.39
2014.12.03 07:14:42.971,1.31017,1.31037,1.76,1.31
2014.12.03 07:14:44.209,1.31017,1.31038,1.01,2.14
2014.12.03 07:14:50.307,1.31017,1.31035,1.76,1.12
2014.12.03 07:14:50.941,1.31016,1.31034,1.76,3.07
2014.12.03 07:14:51.442,1.31016,1.31034,1.57,4.01
2014.12.03 07:14:52.044,1.31016,1.31034,1.57,3.07
2014.12.03 07:14:52.246,1.31017,1.31036,1.50,1.31
2014.12.03 07:14:52.992,1.31017,1.31037,2.51,1.62
2014.12.03 07:14:58.663,1.31017,1.31038,1.76,2.14
2014.12.03 07:15:01.088,1.31017,1.31037,2.51,1.56
2014.12.03 07:15:05.705,1.31017,1.31037,1.76,1.62
2014.12.03 07:15:05.806,1.31019,1.31037,1.25,1.37
2014.12.03 07:15:06.409,1.3102,1.31037,1.19,1.25
2014.12.03 07:15:08.706,1.3102,1.31037,1.19,1.62
2014.12.03 07:15:08.945,1.31017,1.31037,2.81,1.56
2014.12.03 07:15:11.552,1.31018,1.31037,1.39,1.25
2014.12.03 07:15:13.541,1.31019,1.31038,1.29,2.14
2014.12.03 07:15:14.647,1.3102,1.31038,1.19,1.39
2014.12.03 07:15:18.181,1.31019,1.31038,1.64,1.19
2014.12.03 07:15:24.508,1.31017,1.31038,2.14,1.29
2014.12.03 07:15:25.559,1.31017,1.31038,2.89,1.76
2014.12.03 07:15:26.909,1.31018,1.31038,1.31,1.76
2014.12.03 07:15:27.666,1.31018,1.31038,1.56,1.76
2014.12.03 07:15:28.288,1.31019,1.31038,1.56,1.29
2014.12.03 07:15:32.231,1.31021,1.31038,1.31,1.01
2014.12.03 07:15:37.351,1.31019,1.31038,1.31,2.14
2014.12.03 07:15:41.422,1.31018,1.31038,1.56,1.39
2014.12.03 07:15:58.004,1.31017,1.31039,2.89,2.14
2014.12.03 07:15:59.312,1.31017,1.31039,2.89,2.14
2014.12.03 07:16:01.086,1.31017,1.31035,2.89,1.00
2014.12.03 07:16:01.507,1.31017,1.31033,2.51,1.19
2014.12.03 07:16:02.951,1.31017,1.31037,2.81,2.14
2014.12.03 07:16:04.159,1.31017,1.31038,2.81,2.51
2014.12.03 07:16:05.771,1.31019,1.31037,1.19,1.39
2014.12.03 07:16:07.216,1.31018,1.31036,1.19,1.56
2014.12.03 07:16:13.294,1.31017,1.31037,2.44,1.66
2014.12.03 07:16:13.824,1.31017,1.31034,1.00,2.81
2014.12.03 07:16:13.875,1.31017,1.31034,1.00,2.06
2014.12.03 07:16:14.439,1.31013,1.31033,1.26,1.47
2014.12.03 07:16:14.939,1.31011,1.31033,1.69,1.66
2014.12.03 07:16:17.275,1.31012,1.31033,1.31,2.14
2014.12.03 07:16:19.314,1.31012,1.31033,1.31,2.89
2014.12.03 07:16:21.322,1.31012,1.31033,1.31,2.89
2014.12.03 07:16:25.194,1.31012,1.31033,1.31,2.89
2014.12.03 07:16:37.315,1.31012,1.31033,1.12,3.26
2014.12.03 07:16:37.718,1.31012,1.3103,1.12,1.75
2014.12.03 07:16:45.110,1.31012,1.3103,1.31,1.50
2014.12.03 07:16:45.433,1.31012,1.3103,1.31,1.37
2014.12.03 07:16:47.446,1.31012,1.31033,2.06,1.66
2014.12.03 07:16:48.123,1.31012,1.31033,2.06,2.04
2014.12.03 07:16:56.646,1.31014,1.31033,1.29,1.85
2014.12.03 07:17:00.602,1.31013,1.3103,1.26,1.37
2014.12.03 07:17:05.027,1.31012,1.3103,1.31,1.37
2014.12.03 07:17:07.792,1.31012,1.31031,1.31,1.50
2014.12.03 07:17:09.185,1.31012,1.31031,1.26,1.50
2014.12.03 07:17:10.648,1.31012,1.31031,1.76,1.50
2014.12.03 07:17:15.162,1.31013,1.31031,1.29,1.50
2014.12.03 07:17:17.461,1.31013,1.3103,1.29,1.37
2014.12.03 07:17:19.312,1.31012,1.3103,1.26,1.37
2014.12.03 07:17:21.350,1.31013,1.3103,1.29,1.37
2014.12.03 07:17:22.872,1.31013,1.3103,1.29,1.37
2014.12.03 07:17:25.431,1.31011,1.3103,1.31,1.37
2014.12.03 07:17:27.636,1.31011,1.3103,1.31,1.37
2014.12.03 07:17:27.687,1.31014,1.3103,1.19,1.37
2014.12.03 07:17:29.689,1.31016,1.31031,1.25,1.00
2014.12.03 07:17:29.790,1.31018,1.31031,1.19,1.00
2014.12.03 07:17:30.093,1.31016,1.31031,1.19,1.25
2014.12.03 07:17:30.640,1.31016,1.31033,1.19,3.26
2014.12.03 07:17:31.354,1.31015,1.31032,1.76,2.06
2014.12.03 07:17:33.360,1.31016,1.31031,1.19,1.56
2014.12.03 07:17:39.693,1.31015,1.31032,1.76,1.56
2014.12.03 07:17:40.701,1.31016,1.31031,1.19,1.56
2014.12.03 07:17:41.912,1.31017,1.31032,1.19,2.06
2014.12.03 07:17:50.464,1.31015,1.31032,1.25,1.66
2014.12.03 07:17:52.302,1.31015,1.31031,1.69,1.56
2014.12.03 07:17:53.276,1.31015,1.31032,1.69,2.14
2014.12.03 07:17:54.505,1.31015,1.31032,1.19,1.66
2014.12.03 07:17:58.429,1.31015,1.31032,1.25,1.39
2014.12.03 07:17:59.601,1.31015,1.31032,1.69,2.14
2014.12.03 07:18:03.413,1.31017,1.31031,1.19,1.37
2014.12.03 07:18:04.965,1.31016,1.31031,1.19,1.37
2014.12.03 07:18:12.266,1.31015,1.31031,1.69,1.37
2014.12.03 07:18:15.216,1.31015,1.31032,1.00,1.47
2014.12.03 07:18:15.316,1.31017,1.31032,1.19,1.39
2014.12.03 07:18:19.699,1.31015,1.31032,1.19,1.66
2014.12.03 07:18:21.804,1.31017,1.31032,1.19,1.47
2014.12.03 07:18:26.663,1.31015,1.31032,1.69,1.47
2014.12.03 07:18:28.221,1.31018,1.31032,1.19,1.47
2014.12.03 07:18:35.883,1.31016,1.31033,1.19,1.72
2014.12.03 07:18:37.136,1.31015,1.31033,1.19,2.47
2014.12.03 07:18:47.264,1.31012,1.31034,1.69,4.34
2014.12.03 07:18:48.420,1.31012,1.31034,1.69,4.34
2014.12.03 07:18:50.628,1.31013,1.31033,1.31,1.72
2014.12.03 07:18:55.648,1.31014,1.31032,1.29,1.66
2014.12.03 07:19:01.278,1.31013,1.31033,1.31,1.72
2014.12.03 07:19:06.065,1.31015,1.3103,1.19,1.31
2014.12.03 07:19:07.609,1.31015,1.31031,1.19,1.56
2014.12.03 07:19:09.833,1.31014,1.31032,1.29,1.66
2014.12.03 07:19:12.340,1.31013,1.31031,1.31,1.31
2014.12.03 07:19:14.649,1.31015,1.31033,1.19,3.22
2014.12.03 07:19:16.053,1.31014,1.31032,1.29,1.66
2014.12.03 07:19:17.663,1.31015,1.31031,1.19,1.31
2014.12.03 07:19:19.100,1.31013,1.31033,1.31,1.53
2014.12.03 07:19:19.201,1.31017,1.31033,1.50,1.50
2014.12.03 07:19:19.396,1.31017,1.31033,1.50,1.00
2014.12.03 07:19:19.594,1.31017,1.31035,1.50,1.31
2014.12.03 07:19:20.505,1.31017,1.31036,2.44,1.62
2014.12.03 07:19:22.995,1.31017,1.31038,2.44,2.51
2014.12.03 07:19:25.079,1.31019,1.31038,1.19,2.51
2014.12.03 07:19:26.801,1.31018,1.31038,1.19,2.51
2014.12.03 07:19:28.024,1.31017,1.31038,1.69,1.76
2014.12.03 07:19:28.252,1.31017,1.31038,2.81,1.69
2014.12.03 07:19:29.804,1.31017,1.31035,2.81,1.00
2014.12.03 07:19:30.123,1.31017,1.31033,2.44,1.25
2014.12.03 07:19:35.850,1.31018,1.31033,1.31,1.25
2014.12.03 07:19:41.493,1.31019,1.31033,1.29,1.19
2014.12.03 07:19:49.236,1.31019,1.31033,1.29,1.00
2014.12.03 07:19:50.704,1.31022,1.31033,1.19,1.00
2014.12.03 07:19:54.514,1.31017,1.31033,2.44,1.00
2014.12.03 07:19:56.888,1.31018,1.31035,1.31,1.37
2014.12.03 07:19:56.989,1.31018,1.31038,1.26,1.39
2014.12.03 07:19:57.795,1.31018,1.31038,1.31,1.69
2014.12.03 07:20:01.208,1.31021,1.31038,1.19,1.69
2014.12.03 07:20:02.775,1.31021,1.31036,1.19,1.00
2014.12.03 07:20:03.027,1.31017,1.31033,2.81,1.00
2014.12.03 07:20:04.946,1.31018,1.31033,1.19,1.00
2014.12.03 07:20:05.148,1.3102,1.31036,1.19,1.25
2014.12.03 07:20:06.131,1.3102,1.31038,1.19,1.31
2014.12.03 07:20:08.835,1.31021,1.31038,1.56,1.00
2014.12.03 07:20:12.192,1.31022,1.31038,1.31,1.25
2014.12.03 07:20:14.375,1.3102,1.31038,1.56,1.00
2014.12.03 07:20:16.099,1.31022,1.31038,1.31,1.00
2014.12.03 07:20:28.813,1.3102,1.31038,1.56,1.00
2014.12.03 07:20:31.888,1.31023,1.31038,1.31,1.25
2014.12.03 07:20:33.928,1.31024,1.31038,1.56,1.00
2014.12.03 07:20:34.249,1.3102,1.31034,1.76,1.00
2014.12.03 07:20:34.409,1.3102,1.31034,1.64,1.00
2014.12.03 07:20:35.102,1.31019,1.31034,2.44,1.00
2014.12.03 07:20:39.333,1.31021,1.31034,1.66,1.00
2014.12.03 07:20:48.536,1.3102,1.31034,1.64,1.00
2014.12.03 07:20:49.760,1.31021,1.31034,1.66,1.00
2014.12.03 07:20:50.681,1.31021,1.31034,1.66,1.00
2014.12.03 07:20:52.378,1.31023,1.31034,1.56,1.00
2014.12.03 07:20:53.380,1.31024,1.31034,1.31,1.00
2014.12.03 07:20:54.484,1.31023,1.31034,1.56,1.00
2014.12.03 07:20:55.588,1.31024,1.31034,1.31,1.00
2014.12.03 07:21:00.947,1.31023,1.31034,1.56,1.00
2014.12.03 07:21:00.998,1.31023,1.31034,1.56,1.00
2014.12.03 07:21:01.156,1.31023,1.31038,1.56,1.00
2014.12.03 07:21:01.459,1.31022,1.31046,2.44,1.37
2014.12.03 07:21:01.572,1.31022,1.31046,1.94,1.07
2014.12.03 07:21:02.250,1.31022,1.31049,2.44,1.69
2014.12.03 07:21:08.764,1.31024,1.31051,1.69,1.31
2014.12.03 07:21:13.151,1.31024,1.31051,2.00,1.94
2014.12.03 07:21:14.614,1.31026,1.31051,2.00,1.94
2014.12.03 07:21:14.716,1.31028,1.31052,1.37,2.06
2014.12.03 07:21:15.875,1.31028,1.31052,1.62,1.31
2014.12.03 07:21:17.934,1.31028,1.31052,1.56,2.06
2014.12.03 07:21:23.280,1.31028,1.31053,2.44,3.19
2014.12.03 07:21:27.869,1.31028,1.31046,1.69,1.00
2014.12.03 07:21:31.627,1.31031,1.31051,1.56,1.32
2014.12.03 07:21:31.880,1.31036,1.31051,1.50,1.10
2014.12.03 07:21:32.579,1.31036,1.31056,1.87,4.81
2014.12.03 07:21:32.881,1.31037,1.31056,2.81,1.12
2014.12.03 07:21:33.183,1.31037,1.31057,3.19,1.12
2014.12.03 07:21:33.591,1.31038,1.31062,1.56,4.25
2014.12.03 07:21:33.642,1.31038,1.31062,1.94,1.75
2014.12.03 07:21:33.743,1.31038,1.31062,1.94,1.12
2014.12.03 07:21:34.014,1.31038,1.31064,1.56,1.31
2014.12.03 07:21:35.345,1.3104,1.31064,1.56,1.62
2014.12.03 07:21:35.893,1.31044,1.31064,1.00,1.62
2014.12.03 07:21:36.530,1.31044,1.31065,1.12,1.69
2014.12.03 07:21:37.930,1.31044,1.31065,1.62,1.69
2014.12.03 07:21:38.713,1.31044,1.31065,1.62,1.56
2014.12.03 07:21:39.224,1.31045,1.31065,1.56,1.50
2014.12.03 07:21:43.895,1.31043,1.31061,1.19,1.10
2014.12.03 07:21:43.946,1.31043,1.31061,1.19,1.50
2014.12.03 07:21:44.248,1.3104,1.3106,2.06,1.56
2014.12.03 07:21:48.018,1.3104,1.31061,1.56,2.44
2014.12.03 07:21:49.122,1.31041,1.31061,1.31,2.44
2014.12.03 07:21:52.060,1.31039,1.31056,2.06,1.00
2014.12.03 07:21:52.211,1.31039,1.31056,2.06,2.25
2014.12.03 07:21:52.514,1.31038,1.31054,1.19,2.00
2014.12.03 07:21:53.929,1.31037,1.31052,2.44,1.31
2014.12.03 07:21:54.325,1.31037,1.31053,1.50,1.69
2014.12.03 07:21:54.477,1.31033,1.3105,1.56,1.00
2014.12.03 07:21:54.652,1.31033,1.3105,1.56,1.12
2014.12.03 07:21:55.410,1.31031,1.3105,1.56,1.12
2014.12.03 07:21:57.817,1.31034,1.3105,1.31,1.31
2014.12.03 07:21:59.350,1.31034,1.31053,1.31,2.25
2014.12.03 07:21:59.652,1.31037,1.31055,1.56,1.37
2014.12.03 07:21:59.703,1.31037,1.31055,1.56,1.07
2014.12.03 07:22:00.178,1.31037,1.31055,1.94,1.10
2014.12.03 07:22:03.809,1.31037,1.31055,2.44,1.10
2014.12.03 07:22:03.859,1.31037,1.31051,1.69,1.00
2014.12.03 07:22:03.960,1.31035,1.31051,1.64,1.00
2014.12.03 07:22:04.212,1.31031,1.31051,1.56,1.12
2014.12.03 07:22:06.715,1.31034,1.31053,1.50,1.50
2014.12.03 07:22:06.766,1.31034,1.31055,1.50,1.50
2014.12.03 07:22:06.867,1.31034,1.31055,2.44,1.31
2014.12.03 07:22:07.469,1.31034,1.31055,2.51,1.32
2014.12.03 07:22:08.142,1.31035,1.31053,1.66,1.00
2014.12.03 07:22:08.770,1.31037,1.31053,1.87,2.32
2014.12.03 07:22:09.695,1.31036,1.31053,2.81,1.69
2014.12.03 07:22:10.304,1.31036,1.31053,2.44,1.50
2014.12.03 07:22:10.648,1.31036,1.31055,2.15,1.32
2014.12.03 07:22:11.276,1.31038,1.31055,1.09,1.00
2014.12.03 07:22:13.717,1.3104,1.31055,1.09,1.00
2014.12.03 07:22:23.345,1.31037,1.31055,1.09,1.00
2014.12.03 07:22:26.084,1.31039,1.31062,2.06,2.06
2014.12.03 07:22:26.135,1.31039,1.31062,2.21,2.06
2014.12.03 07:22:26.236,1.31039,1.31062,2.66,1.56
2014.12.03 07:22:26.769,1.31043,1.31062,1.71,1.76
2014.12.03 07:22:27.585,1.31045,1.31062,1.39,1.26
2014.12.03 07:22:28.805,1.31047,1.31062,1.19,1.25
2014.12.03 07:22:30.284,1.31046,1.31062,1.29,1.19
2014.12.03 07:22:33.615,1.31045,1.31062,1.46,1.19
2014.12.03 07:22:34.438,1.31045,1.31062,1.46,1.25
2014.12.03 07:22:36.584,1.31044,1.31062,1.84,1.00
2014.12.03 07:22:37.198,1.31044,1.31063,1.84,1.83
2014.12.03 07:22:37.862,1.31045,1.31063,1.46,1.65
2014.12.03 07:22:39.702,1.31046,1.31063,1.29,1.65
2014.12.03 07:22:40.006,1.31043,1.31058,1.29,1.00
2014.12.03 07:22:40.569,1.31043,1.3106,1.84,1.19
2014.12.03 07:22:41.160,1.31045,1.31062,1.41,1.19
2014.12.03 07:22:42.369,1.31046,1.31062,1.49,1.25
2014.12.03 07:22:44.977,1.31044,1.31062,1.84,1.00
2014.12.03 07:22:46.635,1.31044,1.31061,1.09,1.19
2014.12.03 07:22:49.033,1.31044,1.31062,1.44,1.31
2014.12.03 07:22:54.132,1.31041,1.31057,2.21,1.00
2014.12.03 07:22:54.183,1.31043,1.31057,1.32,1.00
2014.12.03 07:22:54.791,1.31043,1.3106,1.39,1.19
2014.12.03 07:22:54.892,1.31043,1.31061,1.39,1.25
2014.12.03 07:22:57.310,1.31041,1.31061,1.69,1.00
2014.12.03 07:22:57.426,1.31043,1.31061,1.39,1.00
2014.12.03 07:23:04.546,1.31047,1.31061,2.06,1.00
2014.12.03 07:23:09.526,1.31047,1.31061,2.06,1.00
2014.12.03 07:23:15.518,1.31047,1.31061,2.44,1.00
2014.12.03 07:23:16.655,1.31047,1.31062,2.44,1.25
2014.12.03 07:23:18.859,1.31047,1.31062,1.69,1.25
2014.12.03 07:23:25.659,1.31047,1.31062,1.69,1.19
2014.12.03 07:23:28.283,1.31047,1.31062,2.44,1.12
2014.12.03 07:23:29.488,1.31047,1.31062,1.69,1.12
2014.12.03 07:23:30.492,1.31047,1.31062,1.69,1.12
2014.12.03 07:23:43.320,1.31047,1.31062,1.31,1.12
2014.12.03 07:23:47.206,1.31046,1.31062,1.56,1.12
2014.12.03 07:23:49.111,1.31046,1.31062,1.56,1.39
2014.12.03 07:23:51.506,1.31046,1.31057,1.56,1.00
2014.12.03 07:23:51.963,1.31048,1.31057,1.19,1.00
2014.12.03 07:23:52.326,1.31043,1.31057,2.89,1.00
2014.12.03 07:23:52.997,1.31047,1.31057,2.06,1.00
2014.12.03 07:23:56.318,1.31047,1.31059,2.44,1.00
2014.12.03 07:23:56.419,1.31047,1.31063,2.81,1.26
2014.12.03 07:23:56.470,1.31049,1.31064,1.19,1.31
2014.12.03 07:23:57.015,1.31049,1.31064,1.19,1.31
2014.12.03 07:23:57.700,1.31049,1.31064,1.19,1.25
2014.12.03 07:23:58.210,1.31049,1.31066,2.44,1.57
2014.12.03 07:23:58.462,1.31053,1.31071,1.31,1.75
2014.12.03 07:23:58.769,1.3105,1.31066,1.66,1.00
2014.12.03 07:23:58.870,1.31051,1.31068,1.56,1.10
2014.12.03 07:23:58.971,1.31053,1.3107,1.66,1.00
2014.12.03 07:23:59.072,1.31053,1.31072,1.66,1.01
2014.12.03 07:24:02.273,1.31055,1.31072,1.19,1.25
2014.12.03 07:24:03.330,1.31053,1.31072,1.39,1.19
2014.12.03 07:24:04.387,1.31056,1.31072,1.19,1.25
2014.12.03 07:24:05.419,1.31056,1.31072,1.19,1.19
2014.12.03 07:24:08.964,1.31056,1.31072,1.88,1.19
2014.12.03 07:24:09.065,1.31053,1.31072,1.50,1.00
2014.12.03 07:24:09.166,1.3106,1.31081,1.19,1.37
2014.12.03 07:24:09.317,1.31069,1.31092,1.12,1.37
2014.12.03 07:24:09.418,1.31069,1.31093,1.12,1.12
2014.12.03 07:24:09.570,1.31071,1.31098,1.19,1.62
2014.12.03 07:24:09.671,1.31071,1.31097,1.29,1.00
2014.12.03 07:24:10.884,1.31071,1.31097,1.29,2.00
2014.12.03 07:24:12.413,1.3107,1.31088,1.19,1.00
2014.12.03 07:24:12.755,1.31068,1.31087,1.19,1.50
2014.12.03 07:24:14.351,1.31066,1.31087,1.29,1.50
2014.12.03 07:24:15.657,1.31065,1.31087,1.26,1.69
2014.12.03 07:24:17.174,1.31062,1.31081,1.29,1.47
2014.12.03 07:24:17.477,1.31062,1.31077,1.19,1.00
2014.12.03 07:24:18.371,1.31059,1.31077,1.29,1.00
2014.12.03 07:24:19.716,1.31059,1.31077,1.29,1.00
2014.12.03 07:24:20.139,1.31059,1.31084,1.29,1.87
2014.12.03 07:24:20.240,1.31062,1.31091,1.19,2.06
2014.12.03 07:24:21.558,1.31063,1.31091,1.19,1.12
2014.12.03 07:24:21.978,1.31061,1.31091,1.31,1.31
2014.12.03 07:24:23.361,1.31061,1.3109,1.31,1.69
2014.12.03 07:24:24.383,1.31058,1.31091,1.69,1.12
2014.12.03 07:24:24.434,1.31058,1.31098,1.31,1.56
2014.12.03 07:24:24.644,1.31058,1.31099,2.06,1.56
2014.12.03 07:24:24.988,1.31058,1.31099,2.06,1.56
2014.12.03 07:24:25.542,1.31063,1.31101,1.94,1.64
2014.12.03 07:24:26.177,1.31063,1.311,1.94,1.31
2014.12.03 07:24:26.435,1.31063,1.311,1.94,1.31
2014.12.03 07:24:27.589,1.31065,1.31088,2.00,1.00
2014.12.03 07:24:27.747,1.31065,1.31088,1.31,1.20
2014.12.03 07:24:27.847,1.31065,1.31088,1.31,1.50
2014.12.03 07:24:28.051,1.31065,1.31088,1.10,2.06
2014.12.03 07:24:28.152,1.31064,1.31086,1.25,1.31
2014.12.03 07:24:30.299,1.31064,1.31085,1.00,1.26
2014.12.03 07:24:30.606,1.31053,1.31071,1.56,1.00
2014.12.03 07:24:31.738,1.31052,1.31071,1.19,2.14
2014.12.03 07:24:35.182,1.31052,1.31071,1.69,1.69
2014.12.03 07:24:36.842,1.31054,1.31072,1.26,2.06
2014.12.03 07:24:37.988,1.31054,1.31072,1.19,1.31
2014.12.03 07:24:40.756,1.31052,1.31072,1.64,1.31
2014.12.03 07:24:42.462,1.31053,1.31072,1.39,1.31
2014.12.03 07:24:43.968,1.31055,1.31072,1.19,1.12
2014.12.03 07:24:46.095,1.31054,1.31072,1.19,1.12
2014.12.03 07:24:48.786,1.31056,1.31072,1.19,1.00
2014.12.03 07:24:50.390,1.31057,1.31072,1.19,1.12
2014.12.03 07:24:52.362,1.31054,1.31072,1.56,1.31
2014.12.03 07:24:54.470,1.31054,1.31072,1.56,1.12
2014.12.03 07:25:05.648,1.31052,1.31072,1.64,1.12
2014.12.03 07:25:09.321,1.31056,1.31072,1.19,1.12
2014.12.03 07:25:10.363,1.31055,1.31072,1.19,1.12
2014.12.03 07:25:15.139,1.31057,1.31072,2.81,1.00
2014.12.03 07:25:16.694,1.31057,1.31072,2.06,1.00
2014.12.03 07:25:19.760,1.31057,1.31072,2.81,1.00
2014.12.03 07:25:20.279,1.31057,1.31073,1.31,1.00
2014.12.03 07:25:20.810,1.31058,1.31074,1.69,1.00
2014.12.03 07:25:20.861,1.31058,1.31081,1.26,3.19
2014.12.03 07:25:21.013,1.31055,1.31086,2.06,1.37
2014.12.03 07:25:21.164,1.31058,1.31091,2.06,1.56
2014.12.03 07:25:21.215,1.3106,1.31091,1.31,1.56
2014.12.03 07:25:21.519,1.3106,1.31092,1.31,1.56
2014.12.03 07:25:21.741,1.31061,1.31095,1.94,1.56
2014.12.03 07:25:22.669,1.31064,1.31095,1.94,1.19
2014.12.03 07:25:22.770,1.31064,1.31097,1.94,2.06
2014.12.03 07:25:24.134,1.31066,1.31087,1.94,1.00
2014.12.03 07:25:24.185,1.31066,1.31087,1.31,1.00
2014.12.03 07:25:24.689,1.31063,1.31087,2.44,1.32
2014.12.03 07:25:25.380,1.31063,1.31087,2.44,1.76
2014.12.03 07:25:29.150,1.31063,1.31087,2.44,1.32
2014.12.03 07:25:32.362,1.31064,1.31087,1.69,1.26
2014.12.03 07:25:34.500,1.31063,1.31087,2.44,1.26
2014.12.03 07:25:36.523,1.31066,1.31087,1.26,1.26
2014.12.03 07:25:36.573,1.31074,1.31088,1.00,1.69
2014.12.03 07:25:36.893,1.31071,1.31079,1.00,1.00
2014.12.03 07:25:36.943,1.31061,1.31079,2.14,1.00
2014.12.03 07:25:37.145,1.31062,1.31088,1.56,1.12
2014.12.03 07:25:37.246,1.31062,1.31091,2.06,2.06
2014.12.03 07:25:37.448,1.31067,1.31087,1.10,1.00
2014.12.03 07:25:38.294,1.3107,1.31106,1.94,1.31
2014.12.03 07:25:38.597,1.31071,1.31106,1.31,1.69
2014.12.03 07:25:40.239,1.31073,1.31104,1.94,1.31
2014.12.03 07:25:40.542,1.31083,1.31103,1.00,2.44
2014.12.03 07:25:40.592,1.31083,1.31103,1.00,2.14
2014.12.03 07:25:40.810,1.31083,1.31103,1.00,2.44
2014.12.03 07:25:41.413,1.31083,1.31103,1.00,2.44
2014.12.03 07:25:43.042,1.3108,1.31103,1.31,3.64
2014.12.03 07:25:43.345,1.3108,1.31102,1.29,1.64
2014.12.03 07:25:43.908,1.3108,1.311,1.00,2.14
2014.12.03 07:25:44.761,1.3108,1.31098,1.00,1.31
2014.12.03 07:25:46.592,1.31077,1.31088,1.57,1.00
2014.12.03 07:25:46.744,1.31072,1.31088,1.31,1.50
2014.12.03 07:25:47.097,1.3107,1.31087,1.29,1.31
2014.12.03 07:25:48.248,1.31068,1.31086,1.69,1.31
2014.12.03 07:25:49.345,1.31068,1.31086,1.69,1.25
2014.12.03 07:25:49.891,1.31068,1.31088,1.94,3.19
2014.12.03 07:25:50.455,1.31068,1.31085,1.31,1.00
2014.12.03 07:25:54.374,1.31075,1.3109,1.00,1.31
2014.12.03 07:25:54.424,1.31075,1.31092,1.00,3.56
2014.12.03 07:25:54.475,1.31075,1.31092,1.00,1.12
2014.12.03 07:25:57.598,1.3107,1.31094,1.56,2.06
2014.12.03 07:25:57.749,1.31066,1.31094,1.94,1.69
2014.12.03 07:26:00.137,1.31066,1.31095,1.94,1.94
2014.12.03 07:26:07.030,1.31078,1.31096,1.00,1.31
2014.12.03 07:26:07.232,1.31078,1.31094,1.00,1.69
2014.12.03 07:26:07.383,1.31076,1.31094,1.87,1.76
2014.12.03 07:26:07.434,1.31072,1.31096,1.69,1.56
2014.12.03 07:26:07.534,1.31072,1.31098,1.00,1.56
2014.12.03 07:26:07.736,1.31073,1.31098,1.12,2.44
2014.12.03 07:26:07.938,1.31073,1.31096,1.10,1.31
2014.12.03 07:26:08.190,1.31067,1.31095,3.19,1.37
2014.12.03 07:26:08.495,1.31067,1.31099,1.94,2.06
2014.12.03 07:26:19.355,1.31066,1.31088,2.44,1.37
2014.12.03 07:26:20.377,1.31067,1.31088,1.56,1.12
2014.12.03 07:26:24.046,1.31065,1.31088,2.06,1.50
2014.12.03 07:26:24.397,1.31064,1.31084,1.26,3.00
2014.12.03 07:26:25.205,1.31063,1.31082,1.29,1.56
2014.12.03 07:26:28.417,1.31061,1.31083,1.39,1.76
2014.12.03 07:26:29.715,1.31061,1.31083,1.39,1.76
2014.12.03 07:26:32.421,1.31062,1.31082,1.26,1.56
2014.12.03 07:26:33.423,1.31062,1.31084,1.26,4.76
2014.12.03 07:26:34.356,1.31064,1.3108,1.19,1.19
2014.12.03 07:26:36.131,1.31065,1.31082,1.31,1.19
2014.12.03 07:26:37.299,1.31068,1.31082,1.19,1.19
2014.12.03 07:26:39.319,1.31067,1.31084,1.29,2.44
2014.12.03 07:26:42.139,1.31064,1.31081,1.12,1.19
2014.12.03 07:26:42.290,1.31059,1.31081,2.81,1.76
2014.12.03 07:26:42.341,1.31064,1.31081,1.50,1.29
2014.12.03 07:26:43.188,1.31064,1.31082,2.25,1.19
2014.12.03 07:26:43.742,1.31063,1.3108,1.19,1.19
2014.12.03 07:26:45.058,1.3106,1.31081,1.69,1.39
2014.12.03 07:26:46.033,1.3106,1.31079,1.69,1.19
2014.12.03 07:26:48.742,1.31061,1.31082,1.64,1.64
2014.12.03 07:26:50.578,1.3106,1.31081,1.69,1.39
2014.12.03 07:26:52.253,1.31061,1.3108,1.26,1.19
2014.12.03 07:26:53.598,1.31075,1.31083,1.00,1.50
2014.12.03 07:26:53.749,1.31076,1.31094,2.62,2.44
2014.12.03 07:26:53.800,1.31076,1.31083,2.81,1.00
2014.12.03 07:26:53.901,1.31067,1.31083,1.31,1.37
2014.12.03 07:26:54.002,1.31064,1.31083,1.69,1.62
2014.12.03 07:26:54.103,1.31065,1.31083,1.00,2.06
2014.12.03 07:26:54.204,1.31065,1.31086,1.19,1.12
2014.12.03 07:26:54.255,1.31065,1.31088,1.26,2.06
2014.12.03 07:26:54.917,1.31065,1.31088,1.31,2.06
2014.12.03 07:26:57.069,1.31065,1.31087,1.31,1.64
2014.12.03 07:27:03.623,1.31065,1.31088,1.31,2.06
2014.12.03 07:27:08.435,1.31065,1.31087,1.31,1.64
2014.12.03 07:27:14.081,1.31065,1.31088,1.39,2.06
2014.12.03 07:27:26.866,1.31065,1.31089,1.29,2.81
2014.12.03 07:27:28.673,1.31065,1.31087,1.29,1.39
2014.12.03 07:27:29.776,1.31065,1.31087,1.29,1.39
2014.12.03 07:27:30.107,1.31062,1.31082,2.06,1.00
2014.12.03 07:27:30.608,1.31062,1.31082,1.64,1.12
2014.12.03 07:27:31.305,1.31063,1.31082,1.66,2.06
2014.12.03 07:27:32.578,1.31061,1.31082,1.39,2.44
2014.12.03 07:27:33.572,1.31062,1.31082,1.29,2.44
2014.12.03 07:27:39.392,1.31061,1.31082,1.64,1.31
2014.12.03 07:27:41.746,1.31061,1.31082,1.64,1.31
2014.12.03 07:27:44.709,1.31062,1.31081,1.39,1.19
2014.12.03 07:27:58.878,1.31064,1.31081,1.62,1.19
2014.12.03 07:27:59.336,1.31064,1.31083,2.14,2.51
2014.12.03 07:28:00.648,1.31065,1.31083,1.31,2.51
2014.12.03 07:28:03.950,1.31065,1.31083,1.31,1.69
2014.12.03 07:28:04.603,1.31064,1.31082,1.66,1.19
2014.12.03 07:28:06.386,1.3106,1.31082,2.81,1.76
2014.12.03 07:28:06.983,1.3106,1.31081,2.14,1.66
2014.12.03 07:28:09.065,1.31061,1.31081,1.56,2.14
2014.12.03 07:28:16.264,1.3106,1.31081,2.14,2.51
2014.12.03 07:28:21.705,1.31061,1.31081,1.31,2.51
2014.12.03 07:28:24.091,1.31059,1.31081,2.89,2.51
2014.12.03 07:28:33.808,1.31061,1.31081,1.19,2.14
2014.12.03 07:28:40.525,1.31059,1.31081,2.89,2.14
2014.12.03 07:28:41.750,1.31061,1.31081,1.19,2.14
2014.12.03 07:28:42.811,1.3106,1.31081,1.39,2.14
2014.12.03 07:28:43.614,1.31059,1.31079,2.14,1.19
2014.12.03 07:28:44.631,1.31059,1.31075,1.07,1.19
2014.12.03 07:28:44.732,1.31057,1.31073,1.76,1.50
2014.12.03 07:28:46.025,1.31057,1.31072,1.76,1.19
2014.12.03 07:28:47.127,1.31057,1.31073,1.76,1.69
2014.12.03 07:28:50.630,1.31057,1.31072,1.76,1.19
2014.12.03 07:28:51.457,1.31057,1.31073,1.76,1.69
2014.12.03 07:28:51.910,1.31059,1.31074,1.31,1.19
2014.12.03 07:28:52.444,1.31059,1.31076,1.31,1.19
2014.12.03 07:28:54.143,1.31059,1.31077,1.31,1.19
2014.12.03 07:28:56.449,1.31059,1.31076,1.69,1.19
2014.12.03 07:29:06.494,1.31059,1.31074,1.12,1.19
2014.12.03 07:29:06.750,1.31059,1.31074,1.00,1.19
2014.12.03 07:29:13.059,1.31057,1.31074,2.51,1.19
2014.12.03 07:29:13.109,1.31057,1.3107,3.26,1.19
2014.12.03 07:29:13.210,1.31057,1.31071,1.57,1.19
2014.12.03 07:29:14.986,1.31057,1.3107,1.69,1.19
2014.12.03 07:29:16.029,1.31058,1.3107,1.00,1.19
2014.12.03 07:29:16.130,1.31058,1.31073,1.31,2.44
2014.12.03 07:29:16.331,1.31058,1.31073,1.69,1.19
2014.12.03 07:29:17.433,1.31058,1.31076,1.69,1.19
2014.12.03 07:29:17.737,1.31056,1.31073,1.31,1.19
2014.12.03 07:29:17.787,1.31054,1.31073,2.06,1.19
2014.12.03 07:29:18.823,1.31054,1.31071,1.69,1.19
2014.12.03 07:29:20.539,1.31059,1.31071,1.00,1.19
2014.12.03 07:29:20.640,1.31059,1.31073,1.00,1.19
2014.12.03 07:29:20.842,1.31059,1.31077,1.45,1.19
2014.12.03 07:29:21.703,1.31059,1.31077,1.50,1.19
2014.12.03 07:29:22.250,1.31056,1.31072,1.56,1.19
2014.12.03 07:29:22.926,1.31055,1.31072,1.69,1.19
2014.12.03 07:29:24.846,1.31059,1.31073,1.00,1.69
2014.12.03 07:29:25.148,1.31059,1.31074,1.50,1.19
2014.12.03 07:29:26.541,1.31059,1.31076,1.69,1.19
2014.12.03 07:29:27.537,1.31059,1.31077,1.69,1.19
2014.12.03 07:29:30.152,1.31059,1.31076,1.31,1.19
2014.12.03 07:29:32.169,1.31059,1.31075,1.31,1.19
2014.12.03 07:29:33.828,1.31054,1.31074,2.81,1.69
2014.12.03 07:29:35.027,1.31054,1.31072,2.81,1.19
2014.12.03 07:29:36.065,1.31054,1.31071,1.87,1.19
2014.12.03 07:29:36.115,1.31054,1.31071,1.00,1.19
2014.12.03 07:29:36.702,1.3105,1.31071,2.44,1.29
2014.12.03 07:29:37.275,1.3105,1.31069,1.69,1.19
2014.12.03 07:29:38.026,1.31051,1.31069,1.37,1.19
2014.12.03 07:29:40.160,1.31051,1.31071,1.37,1.19
2014.12.03 07:29:42.267,1.31051,1.31069,1.56,1.19
2014.12.03 07:29:42.746,1.3105,1.31069,1.69,1.19
2014.12.03 07:29:43.919,1.3105,1.31067,1.69,1.19
2014.12.03 07:29:45.511,1.3105,1.31066,1.50,1.19
2014.12.03 07:29:45.777,1.3105,1.3107,1.69,1.31
2014.12.03 07:29:46.079,1.3105,1.31067,1.69,1.00
2014.12.03 07:29:46.382,1.31047,1.31063,2.06,1.50
2014.12.03 07:29:46.586,1.31047,1.31062,1.69,1.25
2014.12.03 07:29:47.927,1.31047,1.3106,1.69,1.19
2014.12.03 07:29:52.512,1.31047,1.3106,1.69,1.19
2014.12.03 07:29:53.614,1.31047,1.31061,1.69,1.19
2014.12.03 07:29:53.925,1.31039,1.31059,1.94,1.31
2014.12.03 07:29:53.976,1.31039,1.31059,1.94,1.31
2014.12.03 07:29:54.077,1.31038,1.31059,1.69,1.31
2014.12.03 07:29:54.590,1.31038,1.31059,1.26,1.39
2014.12.03 07:29:54.952,1.31038,1.31056,1.07,1.19
2014.12.03 07:29:55.970,1.31038,1.31056,1.26,1.19
2014.12.03 07:29:59.042,1.31038,1.31056,1.26,1.19
2014.12.03 07:30:01.523,1.31038,1.31056,1.64,1.19
2014.12.03 07:30:02.728,1.31039,1.31056,1.31,1.19
2014.12.03 07:30:03.719,1.31038,1.31056,1.69,1.19
2014.12.03 07:30:05.059,1.31038,1.31057,1.69,1.19
2014.12.03 07:30:12.354,1.31038,1.31057,2.44,1.19
2014.12.03 07:30:13.660,1.31038,1.31056,1.69,1.19
2014.12.03 07:30:16.105,1.31043,1.31057,1.31,1.19
2014.12.03 07:30:16.635,1.31043,1.31057,1.69,1.19
2014.12.03 07:30:17.369,1.31043,1.31059,1.69,1.19
2014.12.03 07:30:17.803,1.31046,1.31059,1.87,1.19
2014.12.03 07:30:24.991,1.31046,1.31061,2.44,1.19
2014.12.03 07:30:26.253,1.31047,1.31061,1.29,1.19
2014.12.03 07:30:30.283,1.31047,1.31062,1.29,1.19
2014.12.03 07:30:32.489,1.31047,1.31064,1.29,1.19
2014.12.03 07:30:35.322,1.31047,1.31063,1.29,1.19
2014.12.03 07:30:39.408,1.31047,1.31064,1.29,1.19
2014.12.03 07:30:39.617,1.31051,1.31068,1.00,1.56
2014.12.03 07:30:39.718,1.31051,1.31071,2.44,1.69
2014.12.03 07:30:39.819,1.31051,1.31073,2.14,2.14
2014.12.03 07:30:40.811,1.31051,1.31074,3.19,2.89
2014.12.03 07:30:41.355,1.31052,1.31073,1.56,1.56
2014.12.03 07:30:41.857,1.31052,1.31072,2.06,1.31
2014.12.03 07:30:43.647,1.31051,1.31073,3.19,2.14
2014.12.03 07:30:44.006,1.31052,1.31077,1.94,1.09
2014.12.03 07:30:44.905,1.31052,1.31077,1.94,1.09
2014.12.03 07:30:48.377,1.31051,1.31077,1.94,2.04
2014.12.03 07:30:51.554,1.31053,1.31076,1.94,1.56
2014.12.03 07:30:52.909,1.31053,1.31077,1.94,1.61
2014.12.03 07:30:54.412,1.31051,1.31076,2.44,1.05
2014.12.03 07:30:57.181,1.31051,1.31075,1.94,1.56
2014.12.03 07:30:59.608,1.31055,1.31072,1.00,1.66
2014.12.03 07:31:02.786,1.31055,1.31074,1.00,1.60
2014.12.03 07:31:02.938,1.31057,1.31073,1.50,1.57
2014.12.03 07:31:03.241,1.3106,1.31075,1.00,1.66
2014.12.03 07:31:03.892,1.3106,1.31075,1.00,2.14
2014.12.03 07:31:07.527,1.3106,1.31073,1.00,1.19
2014.12.03 07:31:17.202,1.3106,1.31073,1.00,1.19
2014.12.03 07:31:28.075,1.3106,1.31074,1.00,1.31
2014.12.03 07:31:32.195,1.3106,1.31074,1.00,1.19
2014.12.03 07:31:32.815,1.3106,1.31078,1.00,1.76
2014.12.03 07:31:33.318,1.3106,1.31078,1.19,1.01
2014.12.03 07:31:36.544,1.3106,1.3108,1.25,1.69
2014.12.03 07:31:37.648,1.3106,1.31081,1.19,2.06
2014.12.03 07:31:40.564,1.31061,1.31079,1.19,1.64
2014.12.03 07:31:42.881,1.3106,1.31077,1.56,1.31
2014.12.03 07:31:43.916,1.3106,1.31079,1.56,1.64
2014.12.03 07:31:44.426,1.3106,1.31079,1.56,1.26
2014.12.03 07:31:47.162,1.3106,1.31082,1.50,2.44
2014.12.03 07:31:47.263,1.3106,1.31082,1.75,1.19
2014.12.03 07:31:47.364,1.31065,1.31086,1.20,1.19
2014.12.03 07:31:47.642,1.31065,1.31086,1.45,1.31
2014.12.03 07:31:48.706,1.31067,1.31089,2.14,2.14
2014.12.03 07:31:49.197,1.31067,1.31089,2.14,2.14
2014.12.03 07:31:51.724,1.31067,1.31088,2.14,1.19
2014.12.03 07:31:53.924,1.31072,1.31088,1.12,1.19
2014.12.03 07:31:54.233,1.31075,1.31091,1.00,1.29
2014.12.03 07:31:55.226,1.31075,1.31093,1.10,1.19
2014.12.03 07:31:56.568,1.31076,1.31093,1.00,1.19
2014.12.03 07:31:57.242,1.31076,1.31091,1.00,1.19
2014.12.03 07:31:57.343,1.31071,1.31091,1.69,1.19
2014.12.03 07:31:57.496,1.31071,1.31091,1.39,1.31
2014.12.03 07:31:58.409,1.31071,1.31088,1.39,1.19
2014.12.03 07:31:59.753,1.31071,1.3109,1.39,1.19
2014.12.03 07:32:00.657,1.31071,1.31089,1.39,1.19
2014.12.03 07:32:05.227,1.31071,1.31091,2.44,1.19
2014.12.03 07:32:06.095,1.31071,1.31091,2.81,1.19
2014.12.03 07:32:06.179,1.31071,1.31092,2.81,1.19
2014.12.03 07:32:10.397,1.31073,1.31094,1.26,3.94
2014.12.03 07:32:14.559,1.31074,1.31094,1.29,2.81
2014.12.03 07:32:16.105,1.31076,1.31094,1.19,3.56
2014.12.03 07:32:20.600,1.31075,1.31094,1.19,3.56
2014.12.03 07:32:21.150,1.31072,1.31091,1.69,1.19
2014.12.03 07:32:21.479,1.31071,1.31088,1.69,1.25
2014.12.03 07:32:21.791,1.31076,1.31088,1.00,1.25
2014.12.03 07:32:21.942,1.31072,1.31088,1.39,1.25
2014.12.03 07:32:22.510,1.31072,1.31088,1.31,1.19
2014.12.03 07:32:24.328,1.31072,1.31087,1.12,1.19
2014.12.03 07:32:24.530,1.31067,1.31083,1.94,1.25
2014.12.03 07:32:26.164,1.31066,1.31084,3.94,1.19
2014.12.03 07:32:28.872,1.31068,1.31083,1.31,1.19
2014.12.03 07:32:29.086,1.31069,1.31085,1.29,1.25
2014.12.03 07:32:29.187,1.31073,1.31089,1.76,1.00
2014.12.03 07:32:29.700,1.31071,1.31091,2.06,1.19
2014.12.03 07:32:30.172,1.31075,1.31091,1.12,1.19
2014.12.03 07:32:30.690,1.31075,1.31092,1.69,1.19
2014.12.03 07:32:36.902,1.31077,1.31093,1.29,1.19
2014.12.03 07:32:38.808,1.31076,1.31093,1.31,1.19
2014.12.03 07:32:46.404,1.31075,1.31093,2.06,1.19
2014.12.03 07:32:50.288,1.31076,1.31092,1.31,1.19
2014.12.03 07:32:52.192,1.31075,1.31094,2.81,2.81
2014.12.03 07:32:56.415,1.31075,1.31092,2.06,1.19
2014.12.03 07:32:56.465,1.31075,1.31092,1.01,1.19
2014.12.03 07:32:57.911,1.31071,1.31092,2.06,1.19
2014.12.03 07:33:12.522,1.31071,1.3109,2.81,1.19
2014.12.03 07:33:13.826,1.31071,1.31091,2.81,1.19
2014.12.03 07:33:14.830,1.31071,1.31091,2.81,1.19
2014.12.03 07:33:15.595,1.31071,1.31091,1.76,1.56
2014.12.03 07:33:16.454,1.31071,1.31091,1.26,1.56
2014.12.03 07:33:25.355,1.31071,1.31089,1.76,1.31
2014.12.03 07:33:33.984,1.31071,1.31089,1.26,1.31
2014.12.03 07:33:35.088,1.31071,1.31089,1.76,1.56
2014.12.03 07:33:36.418,1.31071,1.31089,1.76,1.56
2014.12.03 07:33:39.592,1.31071,1.31093,1.26,1.57
2014.12.03 07:33:39.643,1.31076,1.31093,1.00,1.57
2014.12.03 07:33:39.746,1.31076,1.31093,1.00,1.66
2014.12.03 07:33:45.110,1.31076,1.3109,1.00,1.19
2014.12.03 07:33:45.595,1.31072,1.31088,1.20,1.19
2014.12.03 07:33:46.137,1.31076,1.31088,1.00,1.31
2014.12.03 07:33:51.286,1.31076,1.31088,1.00,1.31
2014.12.03 07:33:54.034,1.31068,1.31088,2.00,1.31
2014.12.03 07:33:54.185,1.31067,1.31085,1.94,1.19
2014.12.03 07:33:54.286,1.31067,1.31085,1.69,1.19
2014.12.03 07:33:54.488,1.31067,1.31083,1.31,1.19
2014.12.03 07:33:54.589,1.31064,1.31082,1.12,1.19
2014.12.03 07:33:54.690,1.31061,1.31082,1.26,1.56
2014.12.03 07:33:55.485,1.3106,1.31083,1.31,1.25
2014.12.03 07:33:55.586,1.31066,1.31083,1.00,1.25
2014.12.03 07:33:56.112,1.31066,1.31083,1.00,1.62
2014.12.03 07:33:58.365,1.31066,1.31081,1.00,1.19
2014.12.03 07:33:59.095,1.3107,1.31081,1.00,1.19
2014.12.03 07:34:00.171,1.3107,1.31084,1.00,2.44
2014.12.03 07:34:01.287,1.3107,1.31084,1.00,2.44
2014.12.03 07:34:02.397,1.3107,1.31084,1.25,1.19
2014.12.03 07:34:02.599,1.3107,1.31088,1.00,1.66
2014.12.03 07:34:02.649,1.31076,1.31088,1.00,1.56
2014.12.03 07:34:02.801,1.31076,1.3109,1.00,1.62
2014.12.03 07:34:04.284,1.31076,1.3109,1.00,1.31
2014.12.03 07:34:05.572,1.31076,1.3109,1.00,2.06
2014.12.03 07:34:08.817,1.31071,1.31089,1.22,1.25
2014.12.03 07:34:08.919,1.31068,1.31089,1.94,2.25
2014.12.03 07:34:09.121,1.31067,1.31088,3.94,1.56
2014.12.03 07:34:10.205,1.31068,1.31085,1.69,1.19
2014.12.03 07:34:10.595,1.31069,1.31088,1.31,1.56
2014.12.03 07:34:10.646,1.31075,1.31088,1.00,1.19
2014.12.03 07:34:10.697,1.31075,1.31091,1.00,1.69
2014.12.03 07:34:11.777,1.31075,1.31092,1.00,1.31
2014.12.03 07:34:13.714,1.31075,1.31092,1.07,1.31
2014.12.03 07:34:14.620,1.31075,1.31094,1.07,1.56
2014.12.03 07:34:15.593,1.31075,1.31093,1.07,1.56
2014.12.03 07:34:20.292,1.31075,1.31094,1.07,1.19
2014.12.03 07:34:21.252,1.31075,1.31092,1.07,1.19
2014.12.03 07:34:22.383,1.31075,1.31094,1.20,1.19
2014.12.03 07:34:23.361,1.31075,1.31094,1.20,1.19
2014.12.03 07:34:24.364,1.31075,1.31095,1.20,1.31
2014.12.03 07:34:25.569,1.31075,1.31093,1.20,1.19
2014.12.03 07:34:27.720,1.31075,1.31094,1.20,1.19
2014.12.03 07:34:30.310,1.31075,1.31095,1.39,1.31
2014.12.03 07:34:32.207,1.31075,1.31095,1.07,1.31
2014.12.03 07:34:33.215,1.31075,1.31093,1.07,1.19
2014.12.03 07:34:34.179,1.31075,1.31093,1.32,1.19
2014.12.03 07:34:35.432,1.31075,1.31096,1.07,1.56
2014.12.03 07:34:39.941,1.31075,1.31097,1.32,1.66
2014.12.03 07:34:43.953,1.31075,1.31095,1.76,1.31
2014.12.03 07:34:46.873,1.31077,1.31099,1.00,1.50
2014.12.03 07:34:46.924,1.31077,1.31099,1.37,1.50
2014.12.03 07:34:47.250,1.31081,1.31103,1.12,1.31
2014.12.03 07:34:47.300,1.31079,1.31104,1.75,2.89
2014.12.03 07:34:47.402,1.31079,1.31104,2.06,1.57
2014.12.03 07:34:47.453,1.31082,1.31108,1.39,1.12
2014.12.03 07:34:47.504,1.31082,1.31112,1.69,2.44
2014.12.03 07:34:47.605,1.31096,1.31112,1.00,1.31
2014.12.03 07:34:47.858,1.31091,1.31113,1.00,1.94
2014.12.03 07:34:47.960,1.31084,1.31112,1.94,1.94
2014.12.03 07:34:48.482,1.31084,1.31112,1.94,1.69
2014.12.03 07:34:49.503,1.31084,1.31112,1.69,1.31
2014.12.03 07:34:58.272,1.311,1.31112,1.00,2.06
2014.12.03 07:34:58.625,1.3109,1.31114,1.39,1.94
2014.12.03 07:34:58.676,1.31088,1.31114,1.31,1.94
2014.12.03 07:34:58.727,1.31086,1.31115,2.00,1.69
2014.12.03 07:34:58.828,1.31095,1.31115,1.00,1.69
2014.12.03 07:34:59.042,1.31088,1.31114,2.06,1.56
2014.12.03 07:34:59.399,1.31087,1.31115,1.69,2.06
2014.12.03 07:35:00.264,1.31087,1.31115,1.69,2.06
2014.12.03 07:35:12.004,1.31086,1.3111,1.69,1.29
2014.12.03 07:35:12.363,1.31086,1.3111,1.31,1.56
2014.12.03 07:35:15.844,1.31086,1.31108,1.31,1.26
2014.12.03 07:35:16.151,1.31084,1.31103,1.29,1.69
2014.12.03 07:35:16.252,1.31082,1.31103,1.70,2.44
2014.12.03 07:35:17.218,1.31082,1.31102,1.64,1.19
2014.12.03 07:35:18.275,1.31082,1.31099,1.64,1.00
2014.12.03 07:35:18.426,1.31078,1.31098,1.94,1.56
2014.12.03 07:35:18.527,1.31078,1.31098,1.69,1.56
2014.12.03 07:35:18.628,1.31078,1.31099,1.31,2.06
2014.12.03 07:35:19.195,1.31078,1.311,1.31,2.14
2014.12.03 07:35:19.656,1.31078,1.311,1.62,1.01
2014.12.03 07:35:24.290,1.31078,1.31099,1.62,1.19
2014.12.03 07:35:24.593,1.31077,1.31093,2.06,1.50
2014.12.03 07:35:24.694,1.31076,1.31099,2.06,1.19
2014.12.03 07:35:26.628,1.31076,1.31101,2.06,1.64
2014.12.03 07:35:27.553,1.31078,1.31101,1.22,1.56
2014.12.03 07:35:36.693,1.31077,1.31101,2.06,2.06
2014.12.03 07:35:40.657,1.31079,1.31101,1.39,2.06
2014.12.03 07:35:41.675,1.31079,1.31101,1.39,1.56
2014.12.03 07:35:42.991,1.31079,1.31101,1.39,1.56
2014.12.03 07:35:43.143,1.31077,1.31105,1.31,1.69
2014.12.03 07:35:43.295,1.3108,1.31107,1.29,1.94
2014.12.03 07:35:43.626,1.31095,1.31111,1.00,1.94
2014.12.03 07:35:43.727,1.31095,1.31111,1.00,1.31
2014.12.03 07:35:43.828,1.31092,1.31113,1.37,3.19
2014.12.03 07:35:43.929,1.31092,1.31111,1.00,2.06
2014.12.03 07:35:44.030,1.31082,1.31111,1.56,2.06
2014.12.03 07:35:44.131,1.31082,1.31111,1.56,1.69
2014.12.03 07:35:44.181,1.31086,1.3111,1.00,1.56
2014.12.03 07:35:44.484,1.31086,1.31108,1.29,1.26
2014.12.03 07:35:47.404,1.31086,1.31106,1.29,1.19
2014.12.03 07:35:47.796,1.31095,1.31106,1.00,1.19
2014.12.03 07:35:47.847,1.31095,1.3111,1.00,1.94
2014.12.03 07:35:48.149,1.31091,1.31109,1.00,1.19
2014.12.03 07:35:48.452,1.31085,1.31108,2.44,1.26
2014.12.03 07:35:49.553,1.31085,1.31107,1.76,1.29
2014.12.03 07:35:51.217,1.31085,1.31107,1.76,1.39
2014.12.03 07:35:51.859,1.31091,1.31107,1.00,1.29
2014.12.03 07:35:52.162,1.31091,1.31109,1.19,1.64
2014.12.03 07:35:53.739,1.31091,1.31108,1.69,1.19
2014.12.03 07:35:56.846,1.31095,1.31108,1.00,1.19
2014.12.03 07:35:56.897,1.31095,1.31112,1.00,1.69
2014.12.03 07:35:57.074,1.31095,1.31117,1.00,2.00
2014.12.03 07:35:57.125,1.31104,1.31117,1.00,2.00
2014.12.03 07:35:57.276,1.31104,1.31119,1.00,1.94
2014.12.03 07:35:57.387,1.31104,1.31119,1.00,1.94
2014.12.03 07:35:57.488,1.31104,1.31119,1.00,1.31
2014.12.03 07:35:57.589,1.31104,1.31119,1.00,1.69
2014.12.03 07:35:57.804,1.31104,1.31119,1.00,1.31
2014.12.03 07:35:58.014,1.31104,1.31119,1.00,1.69
2014.12.03 07:35:58.115,1.31101,1.31119,1.37,2.44
2014.12.03 07:35:58.166,1.31097,1.31119,1.56,2.44
2014.12.03 07:35:58.276,1.31097,1.31119,1.56,2.44
2014.12.03 07:35:58.342,1.31097,1.31119,1.56,2.81
2014.12.03 07:35:58.443,1.31095,1.31118,1.66,2.06
2014.12.03 07:35:59.482,1.31094,1.31116,2.51,1.31
2014.12.03 07:36:02.072,1.31099,1.31117,1.25,1.69
2014.12.03 07:36:02.598,1.31099,1.31117,1.31,1.19
2014.12.03 07:36:03.041,1.31099,1.31117,2.81,1.19
2014.12.03 07:36:14.275,1.31101,1.31119,1.69,1.29
2014.12.03 07:36:14.751,1.31107,1.31119,1.00,1.29
2014.12.03 07:36:16.783,1.31107,1.3112,1.00,1.31
2014.12.03 07:36:18.122,1.31107,1.3112,1.00,1.19
2014.12.03 07:36:22.436,1.31107,1.31121,1.25,1.29
2014.12.03 07:36:30.457,1.31107,1.31121,1.00,1.19
2014.12.03 07:36:31.462,1.31107,1.31121,1.00,1.29
2014.12.03 07:36:34.970,1.31107,1.3112,1.00,1.19
2014.12.03 07:36:36.173,1.31107,1.31121,1.25,1.19
2014.12.03 07:36:38.232,1.31107,1.31122,1.00,1.31
2014.12.03 07:36:39.324,1.31107,1.3112,1.00,1.19
2014.12.03 07:36:40.296,1.31107,1.31119,1.00,1.29
2014.12.03 07:36:40.729,1.31102,1.31119,1.25,1.39
2014.12.03 07:36:41.117,1.31099,1.31113,1.19,1.19
2014.12.03 07:36:42.081,1.31097,1.31113,1.69,1.19
2014.12.03 07:36:42.302,1.31098,1.31116,1.19,1.31
2014.12.03 07:36:44.731,1.311,1.31116,1.19,1.31
2014.12.03 07:36:44.883,1.31104,1.31116,1.00,1.19
2014.12.03 07:36:44.933,1.31104,1.31119,1.19,1.76
2014.12.03 07:36:45.221,1.31107,1.31119,1.00,1.19
2014.12.03 07:36:45.920,1.31107,1.31121,1.00,1.31
2014.12.03 07:36:46.471,1.31106,1.31121,1.25,1.31
2014.12.03 07:36:48.471,1.31106,1.3112,1.25,1.29
2014.12.03 07:36:49.238,1.31104,1.31121,1.00,1.31
2014.12.03 07:36:50.370,1.31116,1.31124,1.00,1.50
2014.12.03 07:36:50.420,1.31116,1.31126,1.00,1.25
2014.12.03 07:36:50.572,1.31116,1.31131,1.00,1.19
2014.12.03 07:36:51.637,1.31116,1.31133,1.76,1.19
2014.12.03 07:36:52.743,1.31117,1.31132,1.19,1.19
2014.12.03 07:36:53.722,1.3112,1.31132,1.00,1.19
2014.12.03 07:36:57.091,1.3112,1.31137,1.69,1.47
2014.12.03 07:36:57.147,1.31125,1.31139,1.00,3.19
2014.12.03 07:36:57.455,1.3113,1.31144,1.00,1.19
2014.12.03 07:36:57.867,1.3113,1.31148,1.25,1.29
2014.12.03 07:36:58.629,1.3113,1.31147,1.19,1.19
2014.12.03 07:36:59.872,1.31127,1.31148,2.44,1.76
2014.12.03 07:37:00.366,1.31126,1.31145,1.07,1.00
2014.12.03 07:37:00.416,1.31122,1.3114,1.12,3.37
2014.12.03 07:37:00.724,1.31129,1.31145,1.00,1.29
2014.12.03 07:37:00.775,1.31129,1.31148,1.19,1.26
2014.12.03 07:37:03.192,1.31129,1.31147,1.19,1.19
2014.12.03 07:37:03.598,1.31126,1.31141,1.95,1.00
2014.12.03 07:37:03.749,1.3112,1.31136,1.31,1.19
2014.12.03 07:37:05.186,1.31117,1.31133,1.19,1.19
2014.12.03 07:37:05.883,1.31112,1.3113,2.44,1.25
2014.12.03 07:37:05.934,1.31112,1.3113,1.25,2.44
2014.12.03 07:37:05.985,1.31109,1.31127,1.69,1.69
2014.12.03 07:37:06.086,1.31106,1.31127,2.14,2.44
2014.12.03 07:37:07.161,1.31106,1.31127,2.06,2.06
2014.12.03 07:37:08.410,1.31107,1.31127,1.69,2.06
2014.12.03 07:37:08.876,1.31114,1.3113,1.60,1.69
2014.12.03 07:37:08.978,1.31116,1.31133,2.44,1.29
2014.12.03 07:37:09.622,1.31116,1.31133,3.19,1.19
2014.12.03 07:37:10.161,1.31117,1.31133,1.19,1.19
2014.12.03 07:37:11.182,1.3112,1.31133,1.00,1.19
2014.12.03 07:37:12.848,1.31116,1.31134,2.25,1.50
2014.12.03 07:37:12.949,1.31116,1.31142,1.39,3.19
2014.12.03 07:37:13.151,1.31116,1.31132,1.57,1.00
2014.12.03 07:37:13.520,1.31113,1.31132,1.19,1.12
2014.12.03 07:37:13.774,1.3111,1.3113,1.56,1.31
2014.12.03 07:37:16.326,1.3111,1.31127,1.31,1.00
2014.12.03 07:37:16.477,1.31108,1.31123,1.19,1.76
2014.12.03 07:37:17.845,1.31107,1.31123,1.69,2.51
2014.12.03 07:37:18.781,1.31107,1.31123,2.06,2.51
2014.12.03 07:37:19.093,1.31117,1.31131,1.50,1.29
2014.12.03 07:37:19.195,1.31112,1.31131,1.31,1.69
2014.12.03 07:37:19.840,1.31112,1.31127,1.31,1.00
2014.12.03 07:37:19.992,1.31107,1.31127,1.66,1.25
2014.12.03 07:37:20.524,1.31107,1.31127,1.56,1.32
2014.12.03 07:37:20.675,1.31108,1.3113,1.31,1.00
2014.12.03 07:37:20.726,1.31108,1.31139,1.62,1.29
2014.12.03 07:37:20.877,1.31108,1.3114,1.22,1.94
2014.12.03 07:37:21.458,1.31109,1.31133,1.20,1.00
2014.12.03 07:37:25.163,1.31111,1.31133,1.19,1.00
2014.12.03 07:37:26.367,1.31109,1.31133,1.70,1.00
2014.12.03 07:37:26.785,1.31109,1.31124,1.39,1.00
2014.12.03 07:37:26.936,1.31106,1.31124,2.06,2.25
2014.12.03 07:37:27.138,1.31103,1.31125,1.94,1.00
2014.12.03 07:37:27.189,1.31104,1.31132,1.94,2.81
2014.12.03 07:37:27.299,1.31104,1.31139,1.94,1.66
2014.12.03 07:37:27.400,1.31107,1.31133,2.44,1.00
2014.12.03 07:37:27.971,1.31107,1.31133,2.81,1.10
2014.12.03 07:37:30.525,1.31109,1.31133,1.31,1.01
2014.12.03 07:37:32.574,1.31109,1.31139,1.69,1.67
2014.12.03 07:37:32.675,1.31111,1.31139,1.37,1.95
2014.12.03 07:37:32.876,1.31113,1.31141,1.37,1.32
2014.12.03 07:37:32.977,1.3111,1.31143,1.39,2.06
2014.12.03 07:37:33.028,1.3111,1.31143,1.39,2.06
2014.12.03 07:37:33.230,1.31112,1.31141,1.25,1.32
2014.12.03 07:37:33.432,1.31112,1.31143,1.25,1.57
2014.12.03 07:37:33.684,1.3112,1.31143,1.00,1.69
2014.12.03 07:37:33.886,1.31112,1.31143,2.01,1.69
2014.12.03 07:37:34.038,1.31111,1.31127,1.32,1.00
2014.12.03 07:37:34.194,1.31108,1.31127,1.31,1.12
2014.12.03 07:37:34.396,1.31103,1.31123,1.94,1.37
2014.12.03 07:37:34.447,1.31103,1.31123,1.29,2.62
2014.12.03 07:37:35.050,1.31104,1.31123,1.22,1.25
2014.12.03 07:37:35.997,1.31103,1.31123,1.69,1.00
2014.12.03 07:37:36.555,1.31103,1.31123,2.06,1.00
2014.12.03 07:37:36.606,1.31111,1.31124,1.00,1.50
2014.12.03 07:37:36.656,1.31111,1.31127,1.37,1.01
2014.12.03 07:37:36.959,1.3111,1.31128,1.00,1.10
2014.12.03 07:37:37.010,1.31106,1.31128,1.26,1.10
2014.12.03 07:37:37.061,1.31106,1.31128,1.26,1.12
2014.12.03 07:37:37.820,1.31106,1.31128,2.06,1.10
2014.12.03 07:37:38.291,1.31106,1.31128,1.31,1.76
2014.12.03 07:37:38.601,1.31103,1.31123,1.39,1.19
2014.12.03 07:37:39.379,1.31103,1.31123,1.31,1.31
2014.12.03 07:37:40.030,1.31102,1.31122,2.14,1.26
2014.12.03 07:37:40.643,1.31102,1.31124,2.14,1.69
2014.12.03 07:37:40.694,1.31102,1.31124,2.82,1.19
2014.12.03 07:37:40.744,1.31103,1.31127,1.64,1.31
2014.12.03 07:37:44.596,1.31103,1.31127,2.06,1.31
2014.12.03 07:37:46.863,1.31104,1.31127,1.31,2.44
2014.12.03 07:37:47.971,1.31102,1.31127,2.82,2.44
2014.12.03 07:37:57.905,1.31104,1.31125,1.31,1.29
2014.12.03 07:37:59.309,1.31102,1.31124,1.26,3.64
2014.12.03 07:38:02.939,1.31101,1.31123,2.44,1.39
2014.12.03 07:38:03.670,1.31101,1.31124,2.44,2.44
2014.12.03 07:38:04.228,1.31101,1.31125,2.44,1.69
2014.12.03 07:38:08.608,1.31102,1.31124,1.32,1.76
2014.12.03 07:38:15.902,1.31102,1.31123,1.32,2.89
2014.12.03 07:38:16.903,1.311,1.31123,1.69,3.64
2014.12.03 07:38:18.137,1.31101,1.31121,1.26,1.29
2014.12.03 07:38:22.637,1.31101,1.31119,1.76,1.31
2014.12.03 07:38:23.659,1.31101,1.31119,1.26,1.31
2014.12.03 07:38:25.322,1.31101,1.31118,1.26,1.19
2014.12.03 07:38:29.532,1.31101,1.31119,1.76,1.31
2014.12.03 07:38:31.143,1.31101,1.31119,1.26,1.31
2014.12.03 07:38:33.180,1.31101,1.31114,1.26,1.50
2014.12.03 07:38:34.318,1.31101,1.31119,1.19,1.39
2014.12.03 07:38:35.822,1.31101,1.3112,1.69,1.64
2014.12.03 07:38:36.944,1.31101,1.31121,1.26,1.66
2014.12.03 07:38:37.902,1.31101,1.3112,1.26,1.56
2014.12.03 07:38:41.117,1.31101,1.3112,1.32,1.19
2014.12.03 07:38:48.605,1.31101,1.31113,1.07,1.50
2014.12.03 07:38:53.002,1.31101,1.31113,1.25,1.50
2014.12.03 07:38:53.693,1.31101,1.31118,1.25,1.19
2014.12.03 07:38:53.802,1.31101,1.3112,1.19,1.19
2014.12.03 07:38:58.049,1.31102,1.3112,1.19,1.56
2014.12.03 07:38:59.454,1.31101,1.31119,1.76,1.19
2014.12.03 07:39:05.279,1.31102,1.31119,1.19,1.19
2014.12.03 07:39:06.383,1.31101,1.31118,1.19,1.31
2014.12.03 07:39:07.590,1.31101,1.31118,1.25,1.31
2014.12.03 07:39:08.593,1.31101,1.31117,1.00,1.19
2014.12.03 07:39:13.573,1.31104,1.31117,1.00,1.19
2014.12.03 07:39:13.674,1.31104,1.31119,1.19,1.29
2014.12.03 07:39:13.876,1.311,1.31115,1.19,1.19
2014.12.03 07:39:18.864,1.31101,1.31116,1.00,1.26
2014.12.03 07:39:20.072,1.31101,1.31115,1.00,1.19
2014.12.03 07:39:22.310,1.31101,1.31114,1.00,1.69
2014.12.03 07:39:22.736,1.31097,1.31114,1.69,1.69
2014.12.03 07:39:26.779,1.31097,1.31107,1.19,1.00
2014.12.03 07:39:26.880,1.31093,1.31107,2.06,1.00
2014.12.03 07:39:26.981,1.31089,1.31106,1.94,1.19
2014.12.03 07:39:27.649,1.31089,1.31103,1.19,1.50
2014.12.03 07:39:28.909,1.31087,1.31103,1.31,1.50
2014.12.03 07:39:29.900,1.31088,1.31103,1.29,1.50
2014.12.03 07:39:32.615,1.31092,1.31103,1.00,1.50
2014.12.03 07:39:32.666,1.31092,1.31106,1.00,1.10
2014.12.03 07:39:32.767,1.31092,1.31111,1.00,1.64
2014.12.03 07:39:38.589,1.31089,1.31106,2.14,1.00
2014.12.03 07:39:38.740,1.31086,1.31104,1.69,2.81
2014.12.03 07:39:40.113,1.31088,1.31102,1.19,1.19
2014.12.03 07:39:42.087,1.31083,1.31095,2.06,1.00
2014.12.03 07:39:42.289,1.31078,1.31093,1.19,1.69
2014.12.03 07:39:42.462,1.31074,1.31093,1.69,1.19
2014.12.03 07:39:43.794,1.31075,1.31093,1.31,1.19
2014.12.03 07:39:44.597,1.31074,1.31093,1.66,1.69
2014.12.03 07:39:50.161,1.31074,1.31092,1.39,1.25
2014.12.03 07:39:51.188,1.31074,1.31092,1.39,1.69
2014.12.03 07:39:54.887,1.31073,1.31092,1.64,1.19
2014.12.03 07:39:56.181,1.31075,1.31092,1.19,1.69
2014.12.03 07:39:57.234,1.31075,1.31092,1.19,1.19
2014.12.03 07:40:00.580,1.31075,1.31092,1.19,1.69
2014.12.03 07:40:03.290,1.31074,1.31093,1.39,1.01
2014.12.03 07:40:03.492,1.31076,1.31093,2.81,1.25
2014.12.03 07:40:03.593,1.31077,1.31096,1.69,1.00
2014.12.03 07:40:03.643,1.31085,1.31103,1.00,2.44
2014.12.03 07:40:03.694,1.31085,1.31103,1.00,1.00
2014.12.03 07:40:03.795,1.31084,1.3111,1.00,2.89
2014.12.03 07:40:03.846,1.31084,1.3111,1.12,1.64
2014.12.03 07:40:04.400,1.31084,1.31107,1.56,1.95
2014.12.03 07:40:08.312,1.31084,1.31107,1.31,2.14
2014.12.03 07:40:08.649,1.3108,1.31101,1.64,1.07
2014.12.03 07:40:09.739,1.31079,1.31101,1.69,1.76
2014.12.03 07:40:11.271,1.3108,1.31101,1.64,1.76
2014.12.03 07:40:12.527,1.31079,1.31101,1.66,1.76
2014.12.03 07:40:12.847,1.31079,1.31098,1.19,1.60
2014.12.03 07:40:13.372,1.31079,1.31094,1.19,1.87
2014.12.03 07:40:13.831,1.31079,1.31094,1.19,1.50
2014.12.03 07:40:13.932,1.31081,1.31098,1.69,1.31
2014.12.03 07:40:14.134,1.3108,1.31094,1.19,1.50
2014.12.03 07:40:15.337,1.31077,1.31094,2.44,1.50
2014.12.03 07:40:15.673,1.31077,1.31093,1.69,1.87
2014.12.03 07:40:17.622,1.31076,1.31093,1.69,2.14
2014.12.03 07:40:20.159,1.31076,1.31093,1.69,2.14
2014.12.03 07:40:24.168,1.31077,1.31093,1.69,2.06
2014.12.03 07:40:25.364,1.31077,1.31093,1.19,2.06
2014.12.03 07:40:26.232,1.31077,1.31093,1.19,2.06
2014.12.03 07:40:26.534,1.31081,1.31097,1.25,1.31
2014.12.03 07:40:26.853,1.31079,1.31093,1.19,1.87
2014.12.03 07:40:28.175,1.31077,1.31093,1.25,1.87
2014.12.03 07:40:34.431,1.31077,1.31093,1.69,1.87
2014.12.03 07:40:35.213,1.31077,1.31093,1.19,1.87
2014.12.03 07:40:46.390,1.31078,1.31094,1.19,1.87
2014.12.03 07:40:47.178,1.3108,1.31094,1.19,1.87
2014.12.03 07:40:50.283,1.31078,1.31094,1.19,1.87
2014.12.03 07:40:55.368,1.3108,1.31094,1.19,1.50
2014.12.03 07:40:56.696,1.31081,1.31094,1.19,1.50
2014.12.03 07:40:56.919,1.31079,1.31094,1.19,1.50
2014.12.03 07:40:57.527,1.31079,1.31087,1.19,1.00
2014.12.03 07:40:57.578,1.31077,1.31087,1.10,1.00
2014.12.03 07:40:57.679,1.31074,1.31083,1.50,1.50
2014.12.03 07:40:57.780,1.31074,1.31083,1.00,1.50
2014.12.03 07:40:57.932,1.31069,1.31083,1.19,1.50
2014.12.03 07:41:00.315,1.31072,1.31083,1.00,1.50
2014.12.03 07:41:00.438,1.31072,1.3109,1.00,1.94
2014.12.03 07:41:00.540,1.31072,1.31096,1.01,1.75
2014.12.03 07:41:00.590,1.31073,1.31096,1.19,1.94
2014.12.03 07:41:00.641,1.31073,1.31096,1.94,1.29
2014.12.03 07:41:02.918,1.31073,1.31097,1.94,1.76
2014.12.03 07:41:04.608,1.31076,1.31097,2.06,1.29
2014.12.03 07:41:04.709,1.31079,1.31093,1.19,1.50
2014.12.03 07:41:06.020,1.3108,1.31093,1.29,1.50
2014.12.03 07:41:07.818,1.31081,1.31093,1.19,1.50
2014.12.03 07:41:09.668,1.31081,1.31094,1.19,1.87
2014.12.03 07:41:10.178,1.3108,1.31094,1.19,1.76
2014.12.03 07:41:10.804,1.31077,1.31093,1.19,1.19
2014.12.03 07:41:19.368,1.31078,1.31092,1.19,1.19
2014.12.03 07:41:21.480,1.31076,1.31092,1.29,1.25
2014.12.03 07:41:29.619,1.31076,1.31092,1.29,1.19
2014.12.03 07:41:30.636,1.31076,1.31091,1.19,1.19
2014.12.03 07:41:32.705,1.31075,1.31092,1.19,1.69
2014.12.03 07:41:35.129,1.31075,1.31094,1.69,2.14
2014.12.03 07:41:35.701,1.31076,1.31094,1.69,1.69
2014.12.03 07:41:36.116,1.31079,1.31094,1.29,1.50
2014.12.03 07:41:37.254,1.31078,1.31094,1.26,1.50
2014.12.03 07:41:38.459,1.3108,1.31094,1.19,1.50
2014.12.03 07:41:43.481,1.31077,1.31094,2.06,1.50
2014.12.03 07:41:46.792,1.31077,1.31094,1.31,1.50
2014.12.03 07:41:47.829,1.31077,1.31093,1.19,1.50
2014.12.03 07:41:54.142,1.31077,1.31093,1.19,2.06
2014.12.03 07:41:54.790,1.31077,1.31093,1.19,2.81
2014.12.03 07:41:56.124,1.31077,1.31092,1.00,1.56
2014.12.03 07:41:57.077,1.31074,1.31092,1.19,1.56
2014.12.03 07:41:57.128,1.31072,1.3109,1.29,1.19
2014.12.03 07:41:57.856,1.31072,1.3109,1.00,1.29
2014.12.03 07:41:59.449,1.31072,1.31089,1.00,1.19
2014.12.03 07:42:01.571,1.31072,1.31088,1.00,1.19
2014.12.03 07:42:04.390,1.31072,1.31089,1.00,1.19
2014.12.03 07:42:07.377,1.31072,1.31089,1.00,1.56
2014.12.03 07:42:08.390,1.31072,1.31087,1.00,1.19
2014.12.03 07:42:09.411,1.31072,1.31084,1.00,1.50
2014.12.03 07:42:09.512,1.31068,1.31084,1.32,1.50
2014.12.03 07:42:10.189,1.31068,1.31084,1.25,1.50
2014.12.03 07:42:12.596,1.31068,1.31084,1.19,1.50
2014.12.03 07:42:13.798,1.31068,1.31084,1.00,2.44
2014.12.03 07:42:13.899,1.31067,1.31081,1.10,1.19
2014.12.03 07:42:14.000,1.31063,1.3108,1.10,1.19
2014.12.03 07:42:14.319,1.31061,1.3108,1.50,1.66
2014.12.03 07:42:15.203,1.31061,1.31077,1.50,1.19
2014.12.03 07:42:17.027,1.31061,1.31076,1.50,1.19
2014.12.03 07:42:17.382,1.31064,1.31076,1.00,1.19
2014.12.03 07:42:17.722,1.31061,1.31078,1.50,1.19
2014.12.03 07:42:18.669,1.31061,1.31077,1.50,1.19
2014.12.03 07:42:21.255,1.31061,1.31076,1.50,1.19
2014.12.03 07:42:22.608,1.31061,1.3108,1.50,1.64
2014.12.03 07:42:25.622,1.31061,1.31079,1.50,1.31
2014.12.03 07:42:26.130,1.31061,1.31079,1.50,1.69
2014.12.03 07:42:30.369,1.31058,1.31076,1.10,1.19
2014.12.03 07:42:30.419,1.31058,1.31073,1.10,1.50
2014.12.03 07:42:31.035,1.31062,1.31073,1.00,1.50
2014.12.03 07:42:31.350,1.31062,1.31076,1.00,1.39
2014.12.03 07:42:31.401,1.31059,1.31074,1.00,1.50
2014.12.03 07:42:31.955,1.31058,1.31074,1.10,1.50
2014.12.03 07:42:32.820,1.31063,1.31074,1.00,1.50
2014.12.03 07:42:32.972,1.31063,1.31083,1.00,3.26
2014.12.03 07:42:33.073,1.31063,1.31083,1.00,3.26
2014.12.03 07:42:34.895,1.31066,1.31083,1.50,3.19
2014.12.03 07:42:35.147,1.31067,1.31083,1.00,2.14
2014.12.03 07:42:35.675,1.31067,1.31083,1.00,2.06
2014.12.03 07:42:36.252,1.31067,1.31083,1.19,1.50
2014.12.03 07:42:37.517,1.31067,1.31083,1.19,1.87
2014.12.03 07:42:38.161,1.31067,1.31083,1.19,1.87
2014.12.03 07:42:38.320,1.31067,1.31083,1.19,1.87
2014.12.03 07:42:39.558,1.3107,1.31083,1.19,1.87
2014.12.03 07:42:39.710,1.31073,1.31088,1.00,1.31
2014.12.03 07:42:39.861,1.3107,1.31088,1.69,2.14
2014.12.03 07:42:39.966,1.31067,1.31084,1.19,1.50
2014.12.03 07:42:40.849,1.31067,1.31083,1.69,1.87
2014.12.03 07:42:42.353,1.3107,1.31083,1.00,1.87
2014.12.03 07:42:42.893,1.31067,1.31083,3.19,1.87
2014.12.03 07:42:44.359,1.31072,1.31089,1.00,1.94
2014.12.03 07:42:44.410,1.31072,1.31089,1.00,1.19
2014.12.03 07:42:44.460,1.31072,1.3109,1.69,1.39
2014.12.03 07:42:45.458,1.31072,1.31091,1.69,2.06
2014.12.03 07:42:51.364,1.31072,1.31088,1.00,1.01
2014.12.03 07:42:51.566,1.31067,1.31083,2.44,1.87
2014.12.03 07:42:53.209,1.31067,1.31083,1.69,1.87
2014.12.03 07:42:53.310,1.31067,1.31083,1.50,2.06
2014.12.03 07:42:56.440,1.31064,1.31082,1.19,1.31
2014.12.03 07:42:57.051,1.31064,1.3108,1.19,1.19
2014.12.03 07:43:00.649,1.31062,1.31074,1.50,1.50
2014.12.03 07:43:00.699,1.31053,1.31074,1.75,1.50
2014.12.03 07:43:00.750,1.31058,1.31073,1.19,1.19
2014.12.03 07:43:01.339,1.31058,1.31073,1.19,1.69
2014.12.03 07:43:01.865,1.31055,1.31071,1.19,1.29
2014.12.03 07:43:02.861,1.31053,1.31071,1.76,1.29
2014.12.03 07:43:04.099,1.31056,1.31071,1.19,1.76
2014.12.03 07:43:05.325,1.31054,1.31071,1.19,1.29
2014.12.03 07:43:08.704,1.31055,1.3107,1.19,1.29
2014.12.03 07:43:09.746,1.31053,1.31069,1.19,1.19
2014.12.03 07:43:09.951,1.31049,1.31068,1.29,1.19
2014.12.03 07:43:10.459,1.31049,1.31064,1.29,1.50
2014.12.03 07:43:11.670,1.31049,1.31064,1.19,1.50
2014.12.03 07:43:12.424,1.31049,1.31063,1.19,1.50
2014.12.03 07:43:16.459,1.31047,1.31063,2.51,1.50
2014.12.03 07:43:20.502,1.31048,1.31063,1.29,1.50
2014.12.03 07:43:25.531,1.31047,1.31063,2.51,1.69
2014.12.03 07:43:26.872,1.31047,1.31063,1.26,1.69
2014.12.03 07:43:28.559,1.31047,1.31063,1.29,2.44
2014.12.03 07:43:29.955,1.31048,1.31063,1.19,1.69
2014.12.03 07:43:32.599,1.31048,1.3106,1.29,1.00
2014.12.03 07:43:33.129,1.31047,1.3106,1.19,1.00
2014.12.03 07:43:33.769,1.31048,1.3106,1.19,1.00
2014.12.03 07:43:34.786,1.31046,1.3106,1.29,1.00
2014.12.03 07:43:35.909,1.31046,1.3106,1.29,1.25
2014.12.03 07:43:37.119,1.31046,1.3106,1.29,1.19
2014.12.03 07:43:38.160,1.31047,1.3106,1.19,1.25
2014.12.03 07:43:41.141,1.31047,1.3106,1.19,1.25
2014.12.03 07:43:44.492,1.31046,1.3106,1.69,1.00
2014.12.03 07:43:44.593,1.31046,1.31063,1.69,2.44
2014.12.03 07:43:44.747,1.31049,1.31063,1.19,1.87
2014.12.03 07:43:45.822,1.31047,1.31063,1.26,1.87
2014.12.03 07:43:49.523,1.31049,1.31063,1.19,1.87
2014.12.03 07:43:51.732,1.31047,1.31063,1.26,2.06
2014.12.03 07:43:52.265,1.31047,1.31063,1.19,2.06
2014.12.03 07:43:54.151,1.31047,1.31063,1.19,2.06
2014.12.03 07:43:54.262,1.31046,1.31063,1.76,2.06
2014.12.03 07:43:55.388,1.31046,1.31063,2.51,2.06
2014.12.03 07:43:56.768,1.31046,1.31063,1.69,2.06
2014.12.03 07:43:58.162,1.31046,1.31063,1.69,2.06
2014.12.03 07:43:58.709,1.31046,1.31063,1.76,2.06
2014.12.03 07:43:59.578,1.31046,1.31063,1.32,2.06
2014.12.03 07:43:59.686,1.31047,1.31063,1.29,1.69
2014.12.03 07:44:00.827,1.31046,1.31061,1.29,1.19
2014.12.03 07:44:05.002,1.31048,1.3106,1.19,1.00
2014.12.03 07:44:05.720,1.31048,1.31062,1.29,1.19
2014.12.03 07:44:06.210,1.31047,1.31063,2.51,1.50
2014.12.03 07:44:07.732,1.31047,1.31063,2.51,1.50
2014.12.03 07:44:11.142,1.31049,1.31063,1.19,1.50
2014.12.03 07:44:11.956,1.31049,1.31067,1.19,1.39
2014.12.03 07:44:12.107,1.31053,1.31067,1.00,1.31
2014.12.03 07:44:12.158,1.31053,1.31073,1.69,1.31
2014.12.03 07:44:12.309,1.31053,1.31073,2.06,1.31
2014.12.03 07:44:12.360,1.31056,1.31075,1.31,1.56
2014.12.03 07:44:12.662,1.31057,1.31073,1.26,1.50
2014.12.03 07:44:13.663,1.31058,1.31073,1.31,1.50
2014.12.03 07:44:14.642,1.31058,1.31073,1.26,1.87
2014.12.03 07:44:14.743,1.31056,1.31073,1.69,1.87
2014.12.03 07:44:14.944,1.31058,1.31073,1.19,1.50
2014.12.03 07:44:15.349,1.31056,1.31078,2.00,2.06
2014.12.03 07:44:15.450,1.31055,1.31076,1.12,2.06
2014.12.03 07:44:15.602,1.31053,1.31073,1.69,1.87
2014.12.03 07:44:16.104,1.31053,1.31073,1.32,1.95
2014.12.03 07:44:16.820,1.31053,1.31073,1.70,1.95
2014.12.03 07:44:17.123,1.31057,1.31073,1.76,1.50
2014.12.03 07:44:19.388,1.31059,1.31073,1.29,1.50
2014.12.03 07:44:19.864,1.31056,1.31076,1.69,1.56
2014.12.03 07:44:20.425,1.31056,1.31074,1.19,2.89
2014.12.03 07:44:20.649,1.31053,1.31074,2.06,2.89
2014.12.03 07:44:20.699,1.31053,1.31074,2.06,2.89
2014.12.03 07:44:26.015,1.31053,1.31074,2.06,3.26
2014.12.03 07:44:30.352,1.31053,1.31073,2.06,2.06
2014.12.03 07:44:30.402,1.31057,1.31073,1.00,2.06
2014.12.03 07:44:30.655,1.31057,1.31073,1.10,1.69
2014.12.03 07:44:30.756,1.31057,1.31073,1.76,1.50
2014.12.03 07:44:32.157,1.31058,1.31073,1.29,1.50
2014.12.03 07:44:33.368,1.31057,1.31073,1.32,1.87
2014.12.03 07:44:33.570,1.31052,1.31075,2.81,1.76
2014.12.03 07:44:34.561,1.31053,1.31074,1.29,2.14
2014.12.03 07:44:35.697,1.31052,1.31074,2.51,2.14
2014.12.03 07:44:40.355,1.31052,1.31074,3.19,2.51
2014.12.03 07:44:40.916,1.31052,1.31074,3.19,2.51
2014.12.03 07:44:41.464,1.31053,1.31073,1.31,1.69
2014.12.03 07:44:41.838,1.31053,1.31073,1.31,1.94
2014.12.03 07:44:42.337,1.31053,1.31073,1.31,1.69
2014.12.03 07:44:43.746,1.31052,1.31074,2.44,3.26
2014.12.03 07:44:44.587,1.31052,1.31074,2.06,3.26
2014.12.03 07:44:46.385,1.31052,1.31073,2.06,1.66
2014.12.03 07:44:52.208,1.31052,1.31074,2.44,3.19
2014.12.03 07:44:52.737,1.31052,1.31073,2.44,1.87
2014.12.03 07:44:56.085,1.31053,1.31073,1.69,1.87
2014.12.03 07:44:56.395,1.31057,1.31073,1.07,1.87
2014.12.03 07:44:56.899,1.31059,1.31073,1.29,1.50
2014.12.03 07:44:58.117,1.3106,1.31073,1.19,1.50
2014.12.03 07:44:59.327,1.31057,1.31073,2.06,1.50
2014.12.03 07:44:59.994,1.31057,1.31077,1.19,2.14
2014.12.03 07:45:00.534,1.31054,1.31077,1.31,2.14
2014.12.03 07:45:00.919,1.31057,1.31078,1.12,1.66
2014.12.03 07:45:01.328,1.31059,1.31074,1.29,1.69
2014.12.03 07:45:02.026,1.31059,1.31071,1.19,1.00
2014.12.03 07:45:02.317,1.31056,1.31071,1.29,1.19
2014.12.03 07:45:03.419,1.31053,1.31071,1.19,1.19
2014.12.03 07:45:04.061,1.31061,1.3107,1.00,1.00
2014.12.03 07:45:04.162,1.31061,1.31077,2.25,1.31
2014.12.03 07:45:04.213,1.31061,1.31078,2.25,1.69
2014.12.03 07:45:04.415,1.31061,1.3108,3.26,1.69
2014.12.03 07:45:04.869,1.31054,1.31077,1.94,1.29
2014.12.03 07:45:05.488,1.31054,1.31074,1.94,1.50
2014.12.03 07:45:07.331,1.31053,1.31074,1.94,2.81
2014.12.03 07:45:07.432,1.31053,1.31072,1.29,1.69
2014.12.03 07:45:08.574,1.31062,1.31071,1.00,1.69
2014.12.03 07:45:08.675,1.31062,1.31077,1.00,1.31
2014.12.03 07:45:08.726,1.31063,1.31078,1.19,1.56
2014.12.03 07:45:09.336,1.3106,1.31078,1.31,1.19
2014.12.03 07:45:09.437,1.31057,1.31077,1.26,1.29
2014.12.03 07:45:09.538,1.31053,1.31077,2.44,1.26
2014.12.03 07:45:10.709,1.31053,1.31076,3.19,1.29
2014.12.03 07:45:10.928,1.31053,1.31076,2.06,2.06
2014.12.03 07:45:11.247,1.31053,1.31073,1.87,2.06
2014.12.03 07:45:12.688,1.31049,1.31072,1.69,1.56
2014.12.03 07:45:13.728,1.31049,1.31071,1.69,1.31
2014.12.03 07:45:14.575,1.31049,1.31069,1.31,1.25
2014.12.03 07:45:15.745,1.31049,1.31069,1.31,1.69
2014.12.03 07:45:16.071,1.31053,1.31064,1.19,1.50
2014.12.03 07:45:16.121,1.31053,1.31068,1.19,1.19
2014.12.03 07:45:17.766,1.31054,1.3107,1.29,1.56
2014.12.03 07:45:20.666,1.31053,1.3107,1.31,1.56
2014.12.03 07:45:22.143,1.31057,1.3107,1.19,2.06
2014.12.03 07:45:22.547,1.31052,1.31068,1.19,1.19
2014.12.03 07:45:22.598,1.31052,1.31064,1.19,1.87
2014.12.03 07:45:22.648,1.3105,1.31064,1.29,2.06
2014.12.03 07:45:24.188,1.31047,1.31064,2.44,1.69
2014.12.03 07:45:25.274,1.31047,1.31063,2.44,1.19
2014.12.03 07:45:26.378,1.31046,1.31062,1.31,1.19
2014.12.03 07:45:30.319,1.31046,1.3106,1.31,1.25
2014.12.03 07:45:32.614,1.31048,1.3106,1.19,1.25
2014.12.03 07:45:32.715,1.31047,1.3106,1.76,1.19
2014.12.03 07:45:32.817,1.31042,1.31059,1.00,1.19
2014.12.03 07:45:32.918,1.31038,1.31056,1.50,1.19
2014.12.03 07:45:33.019,1.31038,1.31056,1.10,1.31
2014.12.03 07:45:33.170,1.31034,1.31056,1.29,1.69
2014.12.03 07:45:34.228,1.31033,1.31054,1.26,1.26
2014.12.03 07:45:36.739,1.31033,1.31056,1.26,1.56
2014.12.03 07:45:39.105,1.31033,1.31055,1.31,1.26
2014.12.03 07:45:39.155,1.31037,1.31057,1.69,1.56
2014.12.03 07:45:39.682,1.31037,1.31057,1.76,1.19
2014.12.03 07:45:40.357,1.31039,1.31058,1.19,1.19
2014.12.03 07:45:42.097,1.31037,1.31057,1.26,1.69
2014.12.03 07:45:42.263,1.31033,1.31056,2.44,1.19
2014.12.03 07:45:43.698,1.31038,1.31059,1.19,2.06
2014.12.03 07:45:43.799,1.31038,1.31059,1.29,1.29
2014.12.03 07:45:44.818,1.31038,1.31059,1.19,1.26
2014.12.03 07:45:46.276,1.31042,1.31058,1.19,1.76
2014.12.03 07:45:46.594,1.31044,1.31059,1.19,1.31
2014.12.03 07:45:47.156,1.31044,1.31057,1.19,1.00
2014.12.03 07:45:47.207,1.3104,1.31057,1.19,2.06
2014.12.03 07:45:47.308,1.31036,1.31052,2.25,1.19
2014.12.03 07:45:47.359,1.31036,1.31052,1.50,1.19
2014.12.03 07:45:47.874,1.31033,1.31051,1.19,1.26
2014.12.03 07:45:48.807,1.31031,1.3105,1.19,1.29
2014.12.03 07:45:49.009,1.31033,1.3105,1.69,1.29
2014.12.03 07:45:49.355,1.31037,1.3105,1.50,1.29
2014.12.03 07:45:50.093,1.31037,1.3105,1.69,1.29
2014.12.03 07:45:52.764,1.31038,1.3105,1.19,1.00
2014.12.03 07:45:54.122,1.31038,1.3105,1.69,1.00
2014.12.03 07:45:54.374,1.31038,1.31057,1.69,1.69
2014.12.03 07:45:54.424,1.31041,1.31058,1.19,1.94
2014.12.03 07:45:54.475,1.31041,1.31058,1.19,1.29
2014.12.03 07:45:54.526,1.31048,1.31058,1.00,1.29
2014.12.03 07:45:54.627,1.31048,1.31064,1.25,1.12
2014.12.03 07:45:54.678,1.3105,1.31064,1.00,1.12
2014.12.03 07:45:54.829,1.31055,1.31069,1.19,1.00
2014.12.03 07:45:55.132,1.31056,1.3107,2.81,1.00
2014.12.03 07:45:55.182,1.31056,1.31078,2.81,1.62
2014.12.03 07:45:55.233,1.31058,1.31078,1.29,1.37
2014.12.03 07:45:56.120,1.31059,1.31083,1.19,1.76
2014.12.03 07:45:56.429,1.31059,1.3109,2.06,1.94
2014.12.03 07:45:57.419,1.31057,1.31086,3.56,1.32
2014.12.03 07:45:59.516,1.31057,1.31086,2.81,1.32
2014.12.03 07:46:00.114,1.31057,1.31082,2.81,1.75
2014.12.03 07:46:00.316,1.31054,1.31078,1.31,1.45
2014.12.03 07:46:00.417,1.31054,1.31077,1.19,1.12
2014.12.03 07:46:00.468,1.31053,1.31077,1.01,1.31
2014.12.03 07:46:01.149,1.31053,1.31077,1.32,1.94
2014.12.03 07:46:02.737,1.31053,1.31076,1.32,1.31
2014.12.03 07:46:03.923,1.31053,1.31077,1.76,2.44
2014.12.03 07:46:04.398,1.31053,1.31077,1.76,2.00
2014.12.03 07:46:05.359,1.31053,1.31076,1.76,1.12
2014.12.03 07:46:09.771,1.31054,1.31077,1.19,1.31
2014.12.03 07:46:11.276,1.31053,1.31077,1.76,1.31
2014.12.03 07:46:14.127,1.31054,1.31077,1.19,1.31
2014.12.03 07:46:17.808,1.31053,1.31077,1.76,2.06
2014.12.03 07:46:20.068,1.31053,1.31077,1.76,2.06
2014.12.03 07:46:20.867,1.31053,1.31076,1.76,1.31
2014.12.03 07:46:21.369,1.31053,1.31077,1.69,1.94
2014.12.03 07:46:22.066,1.31053,1.31077,1.76,1.69
2014.12.03 07:46:22.580,1.31052,1.31076,2.06,1.56
2014.12.03 07:46:23.260,1.31052,1.31077,2.06,1.69
2014.12.03 07:46:26.578,1.31052,1.31074,2.06,1.01
2014.12.03 07:46:34.497,1.31052,1.31073,1.07,1.64
2014.12.03 07:46:35.900,1.31052,1.31072,1.07,1.01
2014.12.03 07:46:39.721,1.31052,1.31072,1.25,1.01
2014.12.03 07:46:41.527,1.31052,1.31072,1.19,1.01
2014.12.03 07:46:41.578,1.31052,1.31074,1.19,2.81
2014.12.03 07:46:41.832,1.3105,1.31072,1.26,1.22
2014.12.03 07:46:41.933,1.3105,1.31073,1.26,1.64
2014.12.03 07:46:42.876,1.3105,1.3107,1.26,1.00
2014.12.03 07:46:43.427,1.3105,1.31068,1.26,1.00
2014.12.03 07:46:43.935,1.3105,1.31068,1.26,1.00
2014.12.03 07:46:51.265,1.31052,1.31068,1.19,1.00
2014.12.03 07:47:11.168,1.31051,1.31068,1.19,1.25
2014.12.03 07:47:14.331,1.3105,1.31068,1.29,1.25
2014.12.03 07:47:15.732,1.31051,1.31068,1.19,1.19
2014.12.03 07:47:22.654,1.31049,1.31068,1.26,1.19
2014.12.03 07:47:26.366,1.3105,1.31068,1.29,1.69
2014.12.03 07:47:38.475,1.3105,1.31068,1.29,1.25
2014.12.03 07:47:38.637,1.31046,1.31065,2.25,1.19
2014.12.03 07:47:38.738,1.31041,1.31066,1.75,1.56
2014.12.03 07:47:38.839,1.31041,1.31062,1.94,1.19
2014.12.03 07:47:38.911,1.31041,1.31062,1.69,1.19
2014.12.03 07:47:40.272,1.31041,1.3106,1.69,1.19
2014.12.03 07:47:40.373,1.31041,1.3106,1.32,1.19
2014.12.03 07:47:41.254,1.31041,1.31059,1.07,1.19
2014.12.03 07:47:42.276,1.31041,1.31061,1.07,1.31
2014.12.03 07:47:42.631,1.3104,1.31059,1.31,1.37
2014.12.03 07:47:42.942,1.31037,1.31056,2.44,1.19
2014.12.03 07:47:43.096,1.31037,1.31056,1.76,1.19
2014.12.03 07:47:44.065,1.31037,1.31054,1.76,1.69
2014.12.03 07:47:44.589,1.31037,1.31052,1.57,1.19
2014.12.03 07:47:44.791,1.31032,1.31052,1.26,2.81
2014.12.03 07:47:45.660,1.31029,1.31049,1.69,1.19
2014.12.03 07:47:47.199,1.31028,1.31048,1.69,1.25
2014.12.03 07:47:48.368,1.3103,1.31048,1.26,1.00
2014.12.03 07:47:50.696,1.31037,1.3105,1.50,1.19
2014.12.03 07:47:51.205,1.31037,1.3105,1.87,1.19
2014.12.03 07:47:51.376,1.31037,1.31053,2.06,1.19
2014.12.03 07:47:51.721,1.3103,1.3105,1.94,1.25
2014.12.03 07:47:51.872,1.3103,1.31048,1.31,1.00
2014.12.03 07:47:52.023,1.31028,1.31046,1.69,1.19
2014.12.03 07:47:52.635,1.31028,1.31044,1.19,1.00
2014.12.03 07:47:53.309,1.31027,1.31044,1.76,1.69
2014.12.03 07:47:54.082,1.31027,1.31041,1.76,1.00
2014.12.03 07:47:54.183,1.31032,1.31046,1.00,1.19
2014.12.03 07:47:54.234,1.31032,1.31053,1.19,3.94
2014.12.03 07:47:54.741,1.31031,1.3105,1.26,1.00
2014.12.03 07:47:55.287,1.31031,1.31049,1.26,1.00
2014.12.03 07:47:57.978,1.31029,1.31049,1.69,1.25
2014.12.03 07:47:59.055,1.31028,1.31048,2.06,1.19
2014.12.03 07:47:59.388,1.31046,1.3106,1.00,1.12
2014.12.03 07:47:59.488,1.31046,1.31066,1.00,1.37
2014.12.03 07:47:59.590,1.31046,1.31073,1.00,1.94
2014.12.03 07:47:59.640,1.31047,1.31073,1.75,1.94
2014.12.03 07:48:00.179,1.31052,1.31073,1.07,1.94
2014.12.03 07:48:04.238,1.31047,1.31069,2.44,1.01
2014.12.03 07:48:06.122,1.31046,1.31053,1.87,1.00
2014.12.03 07:48:06.223,1.31036,1.31053,1.19,1.00
2014.12.03 07:48:06.324,1.31032,1.31053,1.31,1.76
2014.12.03 07:48:07.383,1.31033,1.31053,1.26,1.76
2014.12.03 07:48:08.106,1.31034,1.31053,1.29,1.10
2014.12.03 07:48:08.207,1.31036,1.31061,2.06,2.06
2014.12.03 07:48:08.308,1.31037,1.31063,1.69,1.64
2014.12.03 07:48:09.045,1.31037,1.31063,1.94,1.69
2014.12.03 07:48:11.633,1.31038,1.31062,1.69,1.01
2014.12.03 07:48:12.501,1.31037,1.31061,1.76,1.01
2014.12.03 07:48:14.251,1.31037,1.31061,2.44,1.01
2014.12.03 07:48:14.452,1.31037,1.31061,2.44,1.01
2014.12.03 07:48:15.316,1.31036,1.3106,1.69,1.01
2014.12.03 07:48:16.359,1.31036,1.3106,1.69,1.01
2014.12.03 07:48:16.566,1.31036,1.3106,1.32,1.01
2014.12.03 07:48:17.083,1.31036,1.3106,1.01,1.01
2014.12.03 07:48:21.929,1.31037,1.3106,1.00,1.01
2014.12.03 07:48:22.939,1.31036,1.3106,1.00,1.01
2014.12.03 07:48:24.290,1.31036,1.3106,1.00,2.04
2014.12.03 07:48:24.393,1.31042,1.3106,1.00,1.01
2014.12.03 07:48:25.426,1.31042,1.31061,1.00,1.01
2014.12.03 07:48:26.538,1.31042,1.31061,1.00,1.01
2014.12.03 07:48:26.639,1.3104,1.3106,1.29,1.94
2014.12.03 07:48:27.858,1.31038,1.31059,1.29,1.76
2014.12.03 07:48:29.393,1.31039,1.31059,1.19,2.51
2014.12.03 07:48:30.967,1.31039,1.31058,1.19,1.56
2014.12.03 07:48:33.233,1.31037,1.31058,1.26,1.56
2014.12.03 07:48:34.639,1.31038,1.31057,1.29,1.56
2014.12.03 07:48:36.217,1.31038,1.31057,1.29,1.56
2014.12.03 07:48:39.554,1.31039,1.31058,1.19,1.56
2014.12.03 07:48:41.679,1.31038,1.31057,1.29,1.56
2014.12.03 07:48:44.203,1.3104,1.31059,1.19,2.14
2014.12.03 07:48:45.277,1.3104,1.31058,1.19,1.56
2014.12.03 07:48:49.421,1.3104,1.31054,1.19,1.57
2014.12.03 07:48:49.724,1.31037,1.31053,1.19,1.29
2014.12.03 07:48:50.988,1.31037,1.31054,1.19,3.26
2014.12.03 07:48:51.626,1.31037,1.31051,1.19,1.00
2014.12.03 07:48:52.193,1.31036,1.31051,2.44,1.25
2014.12.03 07:48:54.099,1.31037,1.31051,1.19,1.25
2014.12.03 07:49:05.030,1.31036,1.31051,1.69,1.19
2014.12.03 07:49:06.134,1.31033,1.31051,1.69,1.31
2014.12.03 07:49:07.683,1.31033,1.31051,1.19,2.06
2014.12.03 07:49:09.190,1.31033,1.31051,1.25,2.06
2014.12.03 07:49:11.026,1.31033,1.31051,1.37,1.31
2014.12.03 07:49:11.346,1.31033,1.31051,1.37,1.31
2014.12.03 07:49:12.775,1.31033,1.31051,2.06,2.44
2014.12.03 07:49:17.395,1.31033,1.3105,1.56,1.66
2014.12.03 07:49:18.825,1.31033,1.31051,2.06,1.69
2014.12.03 07:49:20.365,1.31033,1.31051,2.06,1.69
2014.12.03 07:49:21.264,1.31033,1.31051,2.06,1.69
2014.12.03 07:49:26.683,1.31034,1.31051,1.56,2.14
2014.12.03 07:49:28.725,1.31034,1.31051,1.56,2.14
2014.12.03 07:49:28.941,1.31033,1.31051,2.14,1.39
2014.12.03 07:49:29.857,1.31033,1.31051,2.14,1.39
2014.12.03 07:49:30.370,1.31035,1.31051,1.56,1.39
2014.12.03 07:49:31.581,1.31035,1.31051,1.31,1.39
2014.12.03 07:49:31.632,1.31033,1.31052,1.19,2.44
2014.12.03 07:49:32.614,1.31031,1.3105,1.26,1.19
2014.12.03 07:49:36.756,1.3103,1.31048,1.31,1.00
2014.12.03 07:49:37.863,1.31032,1.31048,1.29,1.00
2014.12.03 07:49:42.590,1.31034,1.31048,1.19,1.00
2014.12.03 07:49:42.925,1.31037,1.31052,1.50,1.66
2014.12.03 07:49:43.792,1.31037,1.31052,1.69,1.66
2014.12.03 07:49:46.106,1.31037,1.3105,1.69,1.31
2014.12.03 07:49:52.329,1.31037,1.3105,1.69,1.31
2014.12.03 07:49:57.073,1.31037,1.3105,1.50,1.31
2014.12.03 07:50:09.670,1.31037,1.3105,1.69,1.12
2014.12.03 07:50:11.827,1.31037,1.3105,1.69,1.12
2014.12.03 07:50:17.657,1.31037,1.3105,1.69,1.12
2014.12.03 07:50:20.248,1.31037,1.3105,1.50,1.31
2014.12.03 07:50:21.484,1.31037,1.3105,1.50,1.31
2014.12.03 07:50:22.116,1.31037,1.3105,2.44,1.31
2014.12.03 07:50:23.080,1.31037,1.3105,2.44,1.12
2014.12.03 07:50:27.106,1.31036,1.31048,1.50,1.00
2014.12.03 07:50:27.308,1.3103,1.31048,1.00,1.07
2014.12.03 07:50:27.510,1.31028,1.31052,1.69,2.06
2014.12.03 07:50:28.305,1.31029,1.31051,1.31,1.26
2014.12.03 07:50:28.917,1.31033,1.31052,1.29,1.19
2014.12.03 07:50:29.279,1.31037,1.31052,1.50,1.56
2014.12.03 07:50:29.926,1.31037,1.31052,2.44,1.56
2014.12.03 07:50:36.013,1.31037,1.31051,1.50,2.06
2014.12.03 07:50:38.960,1.31034,1.31051,1.19,1.69
2014.12.03 07:50:39.527,1.31031,1.31051,3.56,1.69
2014.12.03 07:50:39.578,1.31031,1.31047,2.81,1.00
2014.12.03 07:50:39.729,1.31026,1.31047,3.19,1.00
2014.12.03 07:50:40.252,1.31026,1.31047,1.26,1.07
2014.12.03 07:50:48.096,1.31029,1.31047,1.19,1.32
2014.12.03 07:50:50.608,1.31028,1.31047,1.19,1.07
2014.12.03 07:50:54.622,1.31029,1.31047,1.19,1.07
2014.12.03 07:50:56.735,1.31025,1.31047,2.44,1.07
2014.12.03 07:50:57.608,1.31025,1.31047,1.69,1.10
2014.12.03 07:50:58.204,1.31026,1.31047,2.06,1.01
2014.12.03 07:51:01.144,1.31025,1.31047,3.19,1.10
2014.12.03 07:51:02.256,1.31027,1.31047,1.26,1.10
2014.12.03 07:51:04.864,1.31026,1.31047,2.81,1.10
2014.12.03 07:51:07.474,1.31028,1.31047,1.29,1.10
2014.12.03 07:51:07.626,1.31026,1.31047,1.31,1.10
2014.12.03 07:51:14.704,1.31027,1.31047,1.76,1.10
2014.12.03 07:51:15.755,1.31027,1.31047,4.76,1.10
2014.12.03 07:51:16.391,1.31027,1.31049,4.76,1.31
2014.12.03 07:51:16.441,1.31027,1.3105,3.94,1.29
2014.12.03 07:51:18.208,1.31027,1.31052,2.00,1.69
2014.12.03 07:51:40.484,1.31029,1.31053,1.31,1.69
2014.12.03 07:51:43.845,1.31027,1.31053,1.94,1.69
2014.12.03 07:51:45.295,1.31027,1.31053,1.31,1.56
2014.12.03 07:51:46.112,1.31037,1.31053,1.00,1.62
2014.12.03 07:51:46.263,1.31037,1.31055,1.00,1.94
2014.12.03 07:51:48.652,1.31036,1.31053,1.50,1.19
2014.12.03 07:51:48.703,1.31033,1.31053,1.00,2.14
2014.12.03 07:51:48.804,1.31027,1.31053,1.12,2.44
2014.12.03 07:51:48.854,1.31032,1.31053,1.00,2.44
2014.12.03 07:51:49.177,1.31032,1.3105,1.00,1.76
2014.12.03 07:51:51.565,1.31032,1.31049,1.00,1.66
2014.12.03 07:51:53.579,1.31031,1.31049,1.00,1.66
2014.12.03 07:51:53.730,1.31026,1.31048,1.12,1.19
2014.12.03 07:51:54.825,1.31023,1.31046,2.25,1.29
2014.12.03 07:51:54.976,1.31023,1.31046,1.87,1.29
2014.12.03 07:51:56.295,1.31023,1.31045,1.87,1.19
2014.12.03 07:51:57.805,1.31023,1.31043,1.87,1.19
2014.12.03 07:52:03.937,1.31023,1.31042,1.31,1.19
2014.12.03 07:52:08.860,1.31023,1.31043,1.12,1.19
2014.12.03 07:52:09.068,1.31022,1.31045,2.44,1.19
2014.12.03 07:52:11.234,1.31022,1.31045,2.25,1.19
2014.12.03 07:52:12.146,1.31022,1.31045,2.25,1.94
2014.12.03 07:52:26.958,1.31022,1.31043,2.44,1.69
2014.12.03 07:52:28.612,1.31023,1.31044,1.12,2.04
2014.12.03 07:52:35.312,1.31022,1.31045,2.25,2.04
2014.12.03 07:52:42.018,1.31022,1.31044,3.19,1.94
2014.12.03 07:52:51.643,1.31022,1.31044,2.25,1.94
2014.12.03 07:52:56.183,1.31022,1.31043,2.25,1.94
2014.12.03 07:52:56.335,1.31022,1.31043,1.57,2.04
2014.12.03 07:52:56.882,1.31023,1.31043,1.07,1.94
2014.12.03 07:52:59.827,1.31023,1.3104,1.00,1.94
2014.12.03 07:53:08.229,1.31018,1.31038,2.44,1.19
2014.12.03 07:53:08.330,1.31018,1.31038,2.06,1.19
2014.12.03 07:53:10.363,1.31022,1.31038,1.00,1.19
2014.12.03 07:53:10.666,1.31022,1.31038,1.57,1.56
2014.12.03 07:53:12.151,1.31022,1.31039,1.57,1.94
2014.12.03 07:53:13.740,1.31022,1.31039,1.57,1.94
2014.12.03 07:53:16.006,1.31022,1.3104,1.57,1.94
2014.12.03 07:53:17.365,1.31022,1.31041,1.57,1.94
2014.12.03 07:53:17.974,1.31022,1.31041,1.87,1.94
2014.12.03 07:53:20.456,1.31023,1.31042,1.07,1.69
2014.12.03 07:53:21.157,1.31023,1.31042,1.10,1.69
2014.12.03 07:53:21.731,1.31023,1.31042,1.10,1.94
2014.12.03 07:53:21.946,1.31023,1.31042,1.12,1.94
2014.12.03 07:53:23.519,1.31019,1.31041,1.31,1.69
2014.12.03 07:53:23.724,1.31019,1.31037,1.29,1.56
2014.12.03 07:53:24.812,1.31019,1.31039,1.29,1.69
2014.12.03 07:53:25.792,1.31019,1.31036,1.01,1.56
2014.12.03 07:53:26.965,1.31019,1.31037,1.25,1.76
2014.12.03 07:53:29.730,1.31018,1.31036,1.25,1.56
2014.12.03 07:53:30.682,1.31019,1.31036,1.00,1.56
2014.12.03 07:53:36.792,1.31019,1.31036,1.25,1.56
2014.12.03 07:53:42.150,1.31019,1.31036,1.25,1.56
2014.12.03 07:53:42.666,1.31018,1.31037,1.69,1.76
2014.12.03 07:53:43.631,1.31018,1.31037,1.69,1.01
2014.12.03 07:53:48.054,1.31018,1.31037,2.44,1.76
2014.12.03 07:53:49.857,1.31018,1.31037,1.69,1.01
2014.12.03 07:53:50.897,1.31018,1.31037,1.69,1.76
2014.12.03 07:53:51.799,1.31018,1.31037,1.69,1.66
2014.12.03 07:53:54.104,1.31022,1.31038,1.19,1.01
2014.12.03 07:53:54.154,1.31022,1.31039,1.69,1.69
2014.12.03 07:53:54.306,1.31023,1.31042,1.19,1.31
2014.12.03 07:53:54.356,1.31023,1.31041,1.69,1.12
2014.12.03 07:53:54.457,1.31023,1.31042,1.69,1.12
2014.12.03 07:53:56.714,1.31023,1.31044,2.51,1.01
2014.12.03 07:53:57.141,1.31023,1.31046,2.51,1.31
2014.12.03 07:53:59.843,1.31023,1.31046,1.76,2.06
2014.12.03 07:54:01.430,1.31024,1.31046,1.19,2.06
2014.12.03 07:54:02.785,1.31023,1.31044,2.51,1.66
2014.12.03 07:54:05.043,1.31023,1.31044,1.76,1.66
2014.12.03 07:54:10.603,1.31023,1.31046,1.76,1.01
2014.12.03 07:54:17.023,1.31023,1.31046,2.51,1.76
2014.12.03 07:54:17.927,1.31023,1.31044,1.76,1.56
2014.12.03 07:54:24.299,1.31021,1.31043,1.29,1.76
2014.12.03 07:54:24.613,1.3102,1.3104,1.19,1.29
2014.12.03 07:54:25.383,1.3102,1.31041,1.19,1.76
2014.12.03 07:54:26.544,1.31019,1.31038,1.76,1.19
2014.12.03 07:54:28.149,1.3102,1.31038,1.19,1.19
2014.12.03 07:54:30.165,1.31019,1.31038,1.69,1.19
2014.12.03 07:54:31.160,1.31019,1.31038,1.69,1.19
2014.12.03 07:54:32.865,1.31019,1.31038,1.69,1.25
2014.12.03 07:54:40.732,1.31019,1.31038,1.19,1.19
2014.12.03 07:54:41.077,1.31019,1.31039,1.19,1.66
2014.12.03 07:54:41.380,1.31027,1.31042,1.50,1.37
2014.12.03 07:54:41.531,1.31027,1.31046,1.00,1.64
2014.12.03 07:54:42.106,1.31027,1.31048,1.26,1.01
2014.12.03 07:54:42.669,1.31027,1.31047,1.29,1.01
2014.12.03 07:54:50.120,1.31027,1.31046,1.10,1.66
2014.12.03 07:54:50.271,1.31027,1.31046,1.10,2.04
2014.12.03 07:54:51.962,1.31027,1.31045,1.69,1.64
2014.12.03 07:55:10.944,1.31027,1.31046,1.19,1.56
2014.12.03 07:55:20.601,1.31027,1.31046,1.25,1.56
2014.12.03 07:55:37.072,1.31027,1.31043,3.19,2.06
2014.12.03 07:55:37.600,1.31027,1.31045,1.25,2.04
2014.12.03 07:55:37.701,1.31023,1.31045,1.32,1.66
2014.12.03 07:55:37.903,1.31021,1.31042,1.69,1.37
2014.12.03 07:55:38.206,1.3102,1.31039,1.19,1.31
2014.12.03 07:55:41.165,1.31018,1.31037,1.26,1.19
2014.12.03 07:55:42.439,1.31017,1.31036,2.06,1.31
2014.12.03 07:55:46.064,1.31017,1.31038,1.31,1.66
2014.12.03 07:55:47.525,1.31022,1.31038,1.00,1.66
2014.12.03 07:55:47.828,1.31022,1.31038,1.10,1.94
2014.12.03 07:55:47.929,1.31018,1.31035,1.94,1.00
2014.12.03 07:55:48.131,1.31022,1.31035,1.00,1.37
2014.12.03 07:55:48.232,1.31022,1.31041,1.25,1.94
2014.12.03 07:55:48.910,1.3102,1.31038,1.19,1.50
2014.12.03 07:55:49.453,1.31019,1.31037,1.29,1.56
2014.12.03 07:55:51.209,1.31015,1.31036,1.94,1.56
2014.12.03 07:55:51.310,1.31014,1.31035,1.69,1.56
2014.12.03 07:55:51.360,1.31014,1.31034,1.69,1.56
2014.12.03 07:55:51.411,1.31012,1.31033,1.31,1.62
2014.12.03 07:55:51.613,1.31012,1.31032,1.26,1.56
2014.12.03 07:55:52.668,1.3101,1.31031,1.31,2.06
2014.12.03 07:56:03.074,1.31011,1.31028,1.26,1.00
2014.12.03 07:56:03.125,1.31011,1.31026,1.26,1.00
2014.12.03 07:56:03.276,1.31009,1.31026,1.29,2.06
2014.12.03 07:56:04.442,1.31009,1.31022,1.29,1.00
2014.12.03 07:56:04.953,1.31009,1.31021,1.29,1.00
2014.12.03 07:56:05.992,1.31009,1.31021,1.29,1.00
2014.12.03 07:56:08.405,1.31009,1.31026,1.76,1.19
2014.12.03 07:56:08.506,1.31011,1.31029,1.19,1.29
2014.12.03 07:56:08.708,1.31011,1.31029,1.31,1.56
2014.12.03 07:56:10.086,1.31012,1.31028,1.26,1.62
2014.12.03 07:56:12.382,1.3101,1.31025,1.69,2.06
2014.12.03 07:56:12.892,1.3101,1.31025,1.31,1.69
2014.12.03 07:56:14.023,1.3101,1.3102,1.31,1.00
2014.12.03 07:56:15.165,1.3101,1.31025,1.31,1.19
2014.12.03 07:56:15.266,1.3101,1.3103,1.26,1.69
2014.12.03 07:56:15.773,1.3101,1.3103,1.69,1.69
2014.12.03 07:56:16.324,1.31012,1.3103,1.26,1.69
2014.12.03 07:56:16.832,1.31012,1.31029,1.26,1.56
2014.12.03 07:56:17.449,1.31012,1.31029,1.26,1.69
2014.12.03 07:56:17.550,1.31012,1.31029,1.26,1.31
2014.12.03 07:56:17.651,1.3101,1.31024,1.69,1.25
2014.12.03 07:56:18.180,1.3101,1.31024,1.31,1.25
2014.12.03 07:56:18.701,1.3101,1.31023,1.31,1.00
2014.12.03 07:56:19.072,1.3101,1.3102,1.31,1.00
2014.12.03 07:56:19.325,1.31008,1.3102,1.31,1.00
2014.12.03 07:56:20.636,1.3101,1.3102,1.19,1.00
2014.12.03 07:56:22.433,1.31008,1.3102,1.31,1.00
2014.12.03 07:56:30.374,1.31007,1.3102,1.69,1.00
2014.12.03 07:56:32.416,1.31009,1.31027,1.01,1.56
2014.12.03 07:56:32.517,1.31011,1.3103,1.19,2.06
2014.12.03 07:56:33.053,1.31011,1.3103,1.69,1.69
2014.12.03 07:56:33.575,1.31011,1.31031,1.69,1.56
2014.12.03 07:56:33.881,1.31011,1.31031,1.69,1.69
2014.12.03 07:56:36.354,1.31011,1.31029,1.69,1.62
2014.12.03 07:56:36.405,1.31005,1.31021,1.87,1.69
2014.12.03 07:56:36.506,1.31004,1.31017,1.25,1.19
2014.12.03 07:56:36.607,1.31001,1.31016,1.29,1.19
2014.12.03 07:56:38.178,1.30997,1.31014,2.44,1.19
2014.12.03 07:56:40.189,1.30997,1.31015,1.69,1.29
2014.12.03 07:56:41.793,1.30999,1.31013,1.19,1.19
2014.12.03 07:56:45.194,1.30997,1.31015,2.44,1.29
2014.12.03 07:56:45.551,1.31,1.31016,1.19,1.87
2014.12.03 07:56:45.912,1.31005,1.31023,1.00,3.19
2014.12.03 07:56:45.963,1.31005,1.31023,1.00,1.75
2014.12.03 07:56:46.274,1.31003,1.31026,1.01,1.87
2014.12.03 07:56:48.891,1.30996,1.31011,2.26,1.12
2014.12.03 07:56:48.942,1.30988,1.31002,1.19,1.00
2014.12.03 07:56:48.993,1.30975,1.31002,1.94,1.37
2014.12.03 07:56:49.044,1.30974,1.31001,1.69,1.12
2014.12.03 07:56:49.094,1.30978,1.31001,1.75,1.00
2014.12.03 07:56:49.145,1.30999,1.31008,1.00,1.25
2014.12.03 07:56:49.196,1.31001,1.31014,1.00,3.19
2014.12.03 07:56:49.296,1.31001,1.31017,1.00,1.19
2014.12.03 07:56:49.347,1.30997,1.31017,1.01,1.19
2014.12.03 07:56:49.398,1.30997,1.31017,1.01,1.19
2014.12.03 07:56:49.448,1.30997,1.31017,1.00,1.19
2014.12.03 07:56:49.964,1.30997,1.31017,1.00,1.69
2014.12.03 07:56:51.550,1.30996,1.31004,1.00,1.00
2014.12.03 07:56:51.802,1.30973,1.30997,1.42,1.00
2014.12.03 07:56:51.903,1.30972,1.30997,1.97,1.50
2014.12.03 07:56:52.232,1.30975,1.30997,2.44,1.07
2014.12.03 07:56:52.434,1.30975,1.31006,1.76,1.19
2014.12.03 07:56:52.793,1.30978,1.31006,1.72,2.06
2014.12.03 07:56:55.764,1.30974,1.31012,1.31,1.69
2014.12.03 07:56:57.094,1.30975,1.31012,1.26,1.69
2014.12.03 07:56:58.099,1.30975,1.31012,1.26,1.69
2014.12.03 07:56:58.531,1.30975,1.31012,1.26,2.06
2014.12.03 07:56:58.835,1.30969,1.30994,1.79,1.37
2014.12.03 07:56:58.990,1.30969,1.30997,1.79,1.75
2014.12.03 07:56:59.605,1.30969,1.30997,1.79,1.75
2014.12.03 07:57:00.120,1.30969,1.30997,1.04,2.44
2014.12.03 07:57:02.932,1.3097,1.30996,1.59,2.06
2014.12.03 07:57:03.134,1.3097,1.30996,1.69,2.06
2014.12.03 07:57:07.218,1.30971,1.30995,1.59,1.31
2014.12.03 07:57:08.592,1.30974,1.30995,1.59,1.31
2014.12.03 07:57:08.642,1.30977,1.30995,1.91,1.31
2014.12.03 07:57:08.743,1.30977,1.30996,1.91,1.69
2014.12.03 07:57:09.425,1.30977,1.30996,1.91,1.69
2014.12.03 07:57:12.881,1.30977,1.30995,2.09,1.01
2014.12.03 07:57:22.218,1.30977,1.30996,2.09,2.06
2014.12.03 07:57:33.721,1.30978,1.30995,1.00,1.94
2014.12.03 07:57:49.903,1.30979,1.30996,1.00,2.06
2014.12.03 07:57:50.004,1.30979,1.30996,1.00,1.66
2014.12.03 07:57:52.327,1.30979,1.30997,1.25,1.31
2014.12.03 07:57:52.821,1.30979,1.31,1.25,1.69
2014.12.03 07:57:54.755,1.30979,1.30999,1.19,1.66
2014.12.03 07:57:56.160,1.30979,1.30999,1.00,1.66
2014.12.03 07:57:57.545,1.30979,1.31,1.69,1.69
2014.12.03 07:57:59.025,1.30981,1.31,1.19,1.69
2014.12.03 07:58:01.127,1.30979,1.31001,1.76,2.44
2014.12.03 07:58:02.197,1.30979,1.31001,1.76,2.44
2014.12.03 07:58:03.320,1.3098,1.31,1.19,1.69
2014.12.03 07:58:07.379,1.30981,1.31001,1.19,2.44
2014.12.03 07:58:10.567,1.30982,1.31001,1.19,1.12
2014.12.03 07:58:10.783,1.30983,1.31002,1.32,1.69
2014.12.03 07:58:10.884,1.30986,1.31009,1.00,1.94
2014.12.03 07:58:10.935,1.30986,1.31009,1.00,1.56
2014.12.03 07:58:10.985,1.30986,1.31011,1.19,1.94
2014.12.03 07:58:11.237,1.30996,1.31016,2.25,1.22
2014.12.03 07:58:11.353,1.30996,1.31018,2.25,1.69
2014.12.03 07:58:11.454,1.30996,1.31018,2.25,1.69
2014.12.03 07:58:11.958,1.30996,1.31018,2.32,1.69
2014.12.03 07:58:12.262,1.30988,1.31014,1.19,1.82
2014.12.03 07:58:12.781,1.30987,1.31014,1.94,1.82
2014.12.03 07:58:13.099,1.30987,1.31014,1.69,1.82
2014.12.03 07:58:15.583,1.30999,1.31013,1.00,1.01
2014.12.03 07:58:15.684,1.30999,1.31014,1.00,1.64
2014.12.03 07:58:17.146,1.30999,1.31017,1.00,1.66
2014.12.03 07:58:37.402,1.30999,1.31018,1.00,2.06
2014.12.03 07:58:39.572,1.30999,1.31017,1.00,1.01
2014.12.03 07:58:43.830,1.31002,1.3102,1.19,1.12
2014.12.03 07:58:44.083,1.31011,1.31029,1.50,1.50
2014.12.03 07:58:44.184,1.31005,1.31029,1.69,2.14
2014.12.03 07:58:44.235,1.31005,1.31028,1.00,1.01
2014.12.03 07:58:45.002,1.31005,1.31027,1.00,1.01
2014.12.03 07:58:49.323,1.31005,1.31028,1.29,1.75
2014.12.03 07:58:49.373,1.31007,1.31028,1.50,1.00
2014.12.03 07:58:49.424,1.31016,1.31036,1.00,1.87
2014.12.03 07:58:49.743,1.31013,1.31035,1.00,1.75
2014.12.03 07:58:49.794,1.31009,1.31035,1.00,1.76
2014.12.03 07:58:49.945,1.31009,1.31033,1.07,1.12
2014.12.03 07:58:50.601,1.31019,1.31033,1.00,1.12
2014.12.03 07:58:50.652,1.31019,1.31037,1.00,1.69
2014.12.03 07:58:51.160,1.31017,1.31037,1.19,2.04
2014.12.03 07:58:51.833,1.31013,1.3103,1.31,1.12
2014.12.03 07:58:51.883,1.3101,1.3103,2.06,1.50
2014.12.03 07:58:52.035,1.31005,1.31027,1.69,2.04
2014.12.03 07:58:52.136,1.31005,1.31026,1.19,1.60
2014.12.03 07:58:53.230,1.31005,1.31026,1.25,1.94
2014.12.03 07:58:55.793,1.31005,1.31024,1.25,1.60
2014.12.03 07:58:59.641,1.31005,1.31024,1.25,1.69
2014.12.03 07:59:00.171,1.31002,1.31024,1.19,3.19
2014.12.03 07:59:00.755,1.31001,1.31022,1.19,1.39
2014.12.03 07:59:01.783,1.31005,1.31022,1.00,1.39
2014.12.03 07:59:02.086,1.31005,1.31021,1.00,1.01
2014.12.03 07:59:02.969,1.31005,1.31024,1.00,1.31
2014.12.03 07:59:06.653,1.31,1.31019,1.69,1.37
2014.12.03 07:59:07.210,1.30999,1.31018,1.19,1.12
2014.12.03 07:59:07.664,1.30998,1.31017,1.29,1.69
2014.12.03 07:59:08.408,1.31005,1.3102,1.00,1.94
2014.12.03 07:59:12.776,1.31005,1.31023,1.00,1.01
2014.12.03 07:59:13.590,1.31004,1.3102,1.25,1.00
2014.12.03 07:59:13.691,1.31,1.31019,1.29,2.06
2014.12.03 07:59:14.977,1.30998,1.31017,1.19,1.66
2014.12.03 07:59:15.841,1.30998,1.31019,1.19,2.06
2014.12.03 07:59:15.892,1.31005,1.31019,1.00,1.62
