2016.05.24 23:00:00.273,1.38081,1.38108,1.00,1.00
2016.05.24 23:00:00.973,1.38082,1.38107,1.00,1.00
2016.05.24 23:00:01.502,1.38081,1.38107,1.00,1.00
2016.05.24 23:00:02.023,1.38081,1.38108,1.00,1.00
2016.05.24 23:00:02.726,1.38081,1.38108,1.12,1.07
2016.05.24 23:03:43.365,1.38081,1.3811,1.07,1.12
2016.05.24 23:04:00.881,1.38082,1.38111,1.07,1.80
2016.05.24 23:04:07.348,1.38081,1.38109,1.12,1.12
2016.05.24 23:04:07.499,1.38079,1.38109,1.42,1.07
2016.05.24 23:04:32.689,1.3808,1.38108,1.12,1.12
2016.05.24 23:06:07.399,1.38082,1.3811,1.07,1.37
2016.05.24 23:07:02.487,1.38081,1.38109,1.07,1.07
2016.05.24 23:07:57.482,1.38081,1.3811,1.12,1.37
2016.05.24 23:08:06.393,1.38082,1.38111,1.57,1.12
2016.05.24 23:08:06.545,1.38086,1.38116,1.12,1.42
2016.05.24 23:08:08.489,1.38085,1.38116,1.65,1.37
2016.05.24 23:08:12.348,1.38085,1.38118,1.90,2.17
2016.05.24 23:08:45.457,1.38088,1.38116,1.50,1.07
2016.05.24 23:08:46.018,1.38093,1.3812,1.00,1.42
2016.05.24 23:08:46.769,1.38093,1.3812,1.10,1.42
2016.05.24 23:09:00.310,1.3809,1.3812,1.07,2.17
2016.05.24 23:09:00.535,1.38091,1.38119,1.10,1.75
2016.05.24 23:09:35.785,1.38092,1.38118,1.00,2.17
2016.05.24 23:09:36.008,1.38084,1.38115,1.90,1.07
2016.05.24 23:09:36.211,1.38082,1.38113,2.32,1.80
2016.05.24 23:09:36.312,1.38083,1.38113,1.50,1.37
2016.05.24 23:09:36.705,1.38083,1.38113,1.12,1.05
2016.05.24 23:09:56.435,1.38081,1.38113,2.17,1.05
2016.05.24 23:10:00.491,1.38078,1.38106,1.75,1.00
2016.05.24 23:10:00.593,1.38077,1.38107,1.65,1.57
2016.05.24 23:10:30.101,1.38071,1.38105,1.42,2.55
2016.05.24 23:10:30.189,1.3807,1.38102,1.05,1.37
2016.05.24 23:10:30.442,1.38069,1.38103,1.37,1.05
2016.05.24 23:10:30.745,1.38067,1.38103,1.37,1.05
2016.05.24 23:11:25.512,1.38067,1.38102,1.05,1.37
2016.05.24 23:11:38.474,1.38074,1.38106,1.67,1.75
2016.05.24 23:11:38.525,1.38075,1.38106,1.37,1.07
2016.05.24 23:11:38.626,1.38075,1.38106,1.42,1.07
2016.05.24 23:11:39.128,1.38075,1.38106,1.42,1.07
2016.05.24 23:12:34.490,1.38076,1.38106,2.17,1.07
2016.05.24 23:13:20.484,1.38081,1.3811,1.07,1.12
2016.05.24 23:13:20.736,1.3808,1.38113,2.17,1.37
2016.05.24 23:13:26.876,1.38082,1.38114,1.05,1.05
2016.05.24 23:13:27.496,1.38082,1.38114,2.17,1.37
2016.05.24 23:14:22.066,1.38082,1.38114,1.42,1.05
2016.05.24 23:16:35.426,1.38084,1.38116,1.05,1.80
2016.05.24 23:18:20.091,1.38087,1.38119,1.42,1.05
2016.05.24 23:18:36.983,1.38087,1.38118,1.37,1.37
2016.05.24 23:19:02.722,1.38087,1.38119,1.05,1.05
2016.05.24 23:19:10.130,1.38087,1.38119,1.37,1.42
2016.05.24 23:20:05.435,1.38085,1.38117,1.42,1.05
2016.05.24 23:21:00.433,1.38085,1.38117,1.42,1.37
2016.05.24 23:21:55.463,1.38085,1.38117,1.42,1.05
2016.05.24 23:22:30.229,1.38092,1.38121,1.12,1.07
2016.05.24 23:22:30.330,1.38093,1.38121,1.37,1.57
2016.05.24 23:22:31.412,1.38094,1.38121,1.42,1.00
2016.05.24 23:22:31.951,1.38095,1.38121,1.42,1.00
2016.05.24 23:22:37.312,1.38097,1.38122,1.37,1.00
2016.05.24 23:22:39.147,1.38097,1.38123,1.80,1.00
2016.05.24 23:22:48.476,1.38097,1.38124,1.37,1.57
2016.05.24 23:22:51.763,1.38097,1.38124,1.05,1.50
2016.05.24 23:22:53.865,1.38097,1.38124,1.05,1.57
2016.05.24 23:23:22.821,1.38096,1.38122,2.17,1.00
2016.05.24 23:23:22.957,1.38096,1.38122,1.80,1.00
2016.05.24 23:23:24.891,1.38095,1.3812,1.37,1.00
2016.05.24 23:23:24.992,1.38095,1.38122,1.37,1.00
2016.05.24 23:23:28.042,1.38095,1.38121,1.37,1.00
2016.05.24 23:23:28.593,1.38095,1.38122,1.37,1.00
2016.05.24 23:23:58.679,1.38094,1.38121,2.17,1.00
2016.05.24 23:24:06.810,1.38094,1.3812,1.42,1.00
2016.05.24 23:24:07.356,1.38094,1.3812,1.05,1.00
2016.05.24 23:24:09.748,1.38094,1.38121,1.80,1.00
2016.05.24 23:24:20.194,1.38094,1.3812,1.80,1.00
2016.05.24 23:24:24.085,1.38094,1.38121,1.80,1.50
2016.05.24 23:24:29.440,1.38091,1.38119,1.65,1.10
2016.05.24 23:24:30.526,1.38091,1.38118,1.65,1.00
2016.05.24 23:24:30.577,1.38091,1.38118,1.60,1.10
2016.05.24 23:24:31.900,1.38089,1.38118,1.27,1.57
2016.05.24 23:24:32.422,1.38087,1.38116,2.40,1.10
2016.05.24 23:24:38.676,1.38087,1.38116,1.65,1.07
2016.05.24 23:24:48.469,1.38089,1.38116,1.12,1.10
2016.05.24 23:24:51.438,1.38088,1.38116,1.80,1.07
2016.05.24 23:25:03.355,1.38088,1.38114,1.12,1.07
2016.05.24 23:25:24.456,1.38089,1.38116,1.12,1.07
2016.05.24 23:25:45.457,1.3809,1.38116,1.07,1.07
2016.05.24 23:25:46.380,1.38089,1.38116,1.12,1.07
2016.05.24 23:25:54.402,1.38088,1.38116,1.87,1.10
2016.05.24 23:26:43.705,1.38088,1.38115,1.37,1.00
2016.05.24 23:26:44.296,1.3809,1.38115,1.07,1.07
2016.05.24 23:26:48.501,1.3809,1.38114,1.10,1.10
2016.05.24 23:26:50.262,1.38089,1.38115,1.07,1.10
2016.05.24 23:26:50.817,1.38089,1.38117,1.12,1.57
2016.05.24 23:26:55.429,1.38087,1.38117,2.92,1.12
2016.05.24 23:27:11.292,1.3809,1.38115,1.10,1.07
2016.05.24 23:27:25.267,1.38088,1.38116,1.12,1.07
2016.05.24 23:27:27.457,1.38087,1.38115,1.37,1.07
2016.05.24 23:27:32.747,1.38087,1.38113,1.07,1.10
2016.05.24 23:27:43.291,1.38086,1.38111,1.12,1.00
2016.05.24 23:27:43.593,1.38084,1.38109,1.12,1.10
2016.05.24 23:27:44.601,1.38082,1.38109,2.10,1.07
2016.05.24 23:27:45.723,1.38082,1.38109,1.37,1.07
2016.05.24 23:27:45.824,1.38083,1.38109,1.35,1.07
2016.05.24 23:27:46.810,1.38083,1.38109,1.67,1.10
2016.05.24 23:28:09.496,1.38085,1.38112,1.12,1.07
2016.05.24 23:28:09.597,1.38085,1.38112,1.07,1.07
2016.05.24 23:28:20.457,1.38083,1.3811,1.80,1.07
2016.05.24 23:28:21.003,1.38084,1.3811,1.07,1.12
2016.05.24 23:28:21.695,1.38084,1.3811,1.00,1.12
2016.05.24 23:28:22.326,1.38084,1.3811,1.00,1.07
2016.05.24 23:28:22.928,1.38083,1.3811,1.05,1.07
2016.05.24 23:28:24.268,1.38083,1.3811,1.05,1.12
2016.05.24 23:28:39.561,1.38083,1.3811,1.37,1.07
2016.05.24 23:28:44.232,1.38085,1.38111,1.07,1.07
2016.05.24 23:28:44.535,1.38086,1.38114,1.87,1.12
2016.05.24 23:28:44.687,1.38086,1.38113,1.87,1.00
2016.05.24 23:28:45.227,1.38086,1.38113,1.87,1.10
2016.05.24 23:28:54.776,1.38086,1.38112,1.87,1.00
2016.05.24 23:29:01.987,1.38086,1.38111,1.12,1.00
2016.05.24 23:29:02.493,1.38085,1.3811,1.07,1.10
2016.05.24 23:29:02.594,1.38085,1.3811,1.07,1.07
2016.05.24 23:29:03.105,1.38085,1.3811,1.10,1.12
2016.05.24 23:29:04.354,1.38084,1.3811,1.10,1.80
2016.05.24 23:29:05.304,1.38085,1.3811,1.00,1.80
2016.05.24 23:29:06.777,1.38084,1.3811,1.10,1.80
2016.05.24 23:29:13.033,1.38082,1.38107,1.05,1.07
2016.05.24 23:29:13.185,1.38082,1.38107,1.00,1.10
2016.05.24 23:29:13.236,1.3808,1.38104,1.07,1.00
2016.05.24 23:29:13.438,1.38078,1.38105,1.00,1.00
2016.05.24 23:29:13.488,1.38078,1.38105,1.10,1.07
2016.05.24 23:29:13.791,1.38085,1.38104,1.00,1.00
2016.05.24 23:29:14.095,1.38081,1.38107,1.10,1.10
2016.05.24 23:29:14.196,1.38085,1.38107,1.00,1.00
2016.05.24 23:29:14.755,1.38084,1.38109,1.10,1.07
2016.05.24 23:29:15.386,1.38084,1.38109,1.07,1.07
2016.05.24 23:29:15.966,1.38084,1.38109,1.07,1.10
2016.05.24 23:29:25.034,1.38086,1.38109,1.07,1.10
2016.05.24 23:29:30.176,1.38086,1.38108,1.07,1.00
2016.05.24 23:29:30.687,1.38087,1.3811,1.10,1.07
2016.05.24 23:29:42.641,1.38086,1.3811,1.07,1.00
2016.05.24 23:29:49.872,1.38085,1.38111,1.57,1.10
2016.05.24 23:29:51.676,1.38087,1.3811,1.12,1.00
2016.05.24 23:29:51.777,1.38086,1.38116,1.37,1.12
2016.05.24 23:29:52.285,1.38088,1.38116,1.12,1.12
2016.05.24 23:29:52.892,1.38088,1.38116,1.37,1.07
2016.05.24 23:29:55.086,1.38088,1.38113,1.37,1.00
2016.05.24 23:29:55.624,1.38087,1.38113,1.12,1.00
2016.05.24 23:30:00.052,1.38086,1.38112,2.55,1.00
2016.05.24 23:30:00.204,1.38087,1.38109,1.12,1.00
2016.05.24 23:30:00.255,1.38085,1.38109,1.12,1.00
2016.05.24 23:30:00.776,1.38084,1.38109,1.12,1.10
2016.05.24 23:30:01.432,1.38084,1.38109,1.07,1.10
2016.05.24 23:30:02.231,1.38084,1.38107,1.57,1.00
2016.05.24 23:30:04.219,1.38084,1.38107,1.00,1.00
2016.05.24 23:30:09.381,1.38084,1.38109,1.00,1.07
2016.05.24 23:30:11.001,1.38086,1.38109,1.00,1.07
2016.05.24 23:30:11.343,1.38088,1.38109,1.00,1.07
2016.05.24 23:30:12.481,1.38088,1.38107,1.00,1.00
2016.05.24 23:30:13.890,1.38088,1.38109,1.00,1.07
2016.05.24 23:30:16.221,1.38084,1.38109,1.07,1.07
2016.05.24 23:30:16.622,1.38083,1.38109,1.10,1.07
2016.05.24 23:30:17.172,1.38083,1.38107,1.10,1.00
2016.05.24 23:30:17.721,1.38084,1.38107,1.00,1.00
2016.05.24 23:30:24.066,1.38082,1.38107,1.57,1.10
2016.05.24 23:30:24.606,1.38082,1.38107,1.57,1.10
2016.05.24 23:30:25.111,1.38085,1.38107,1.00,1.10
2016.05.24 23:30:25.531,1.38087,1.38107,1.00,1.10
2016.05.24 23:30:25.835,1.38089,1.38107,1.00,1.10
2016.05.24 23:30:27.151,1.38083,1.38107,1.07,1.10
2016.05.24 23:30:27.673,1.38082,1.38106,1.07,1.00
2016.05.24 23:30:28.891,1.38085,1.38106,1.00,1.50
2016.05.24 23:30:32.851,1.38083,1.38106,1.07,1.00
2016.05.24 23:30:33.571,1.38085,1.38106,1.00,1.00
2016.05.24 23:30:34.549,1.38089,1.38106,1.00,1.00
2016.05.24 23:30:36.751,1.38082,1.38106,2.25,1.00
2016.05.24 23:30:37.145,1.38083,1.38106,1.07,1.10
2016.05.24 23:30:38.430,1.38086,1.38105,1.00,1.00
2016.05.24 23:30:46.112,1.38085,1.38107,1.00,1.07
2016.05.24 23:30:46.811,1.38084,1.38107,1.10,1.57
2016.05.24 23:30:47.314,1.38085,1.38106,1.00,1.10
2016.05.24 23:30:51.270,1.38087,1.38106,1.00,1.10
2016.05.24 23:30:52.376,1.38091,1.38106,1.00,1.10
2016.05.24 23:30:54.509,1.38091,1.38108,1.00,1.00
2016.05.24 23:30:56.381,1.38085,1.38108,2.32,1.00
2016.05.24 23:30:56.895,1.38084,1.3811,1.87,1.00
2016.05.24 23:30:57.139,1.38087,1.3811,1.87,1.00
2016.05.24 23:31:07.038,1.38089,1.38109,1.07,1.00
2016.05.24 23:31:07.663,1.38089,1.3811,1.07,1.50
2016.05.24 23:31:34.464,1.3809,1.38111,1.10,1.50
2016.05.24 23:31:44.588,1.3809,1.38112,1.10,1.57
2016.05.24 23:31:49.432,1.38088,1.38111,1.07,1.00
2016.05.24 23:31:49.596,1.38087,1.38111,1.07,1.07
2016.05.24 23:31:53.676,1.38089,1.3811,1.00,1.10
2016.05.24 23:32:01.794,1.38089,1.38111,1.10,1.10
2016.05.24 23:32:04.932,1.38089,1.3811,1.10,1.00
2016.05.24 23:32:15.201,1.38089,1.38109,1.10,1.00
2016.05.24 23:32:24.578,1.38087,1.38109,1.07,1.00
2016.05.24 23:32:25.692,1.38087,1.3811,1.07,1.57
2016.05.24 23:32:44.445,1.38089,1.3811,1.00,1.10
2016.05.24 23:32:56.207,1.38089,1.38109,1.00,1.00
2016.05.24 23:33:00.417,1.38086,1.38109,1.07,1.00
2016.05.24 23:33:00.969,1.38086,1.38109,1.07,1.00
2016.05.24 23:33:06.288,1.38086,1.3811,1.07,1.00
2016.05.24 23:33:15.504,1.38086,1.38111,1.07,1.57
2016.05.24 23:33:16.049,1.38086,1.3811,1.07,1.00
2016.05.24 23:33:16.623,1.38086,1.38111,1.07,1.57
2016.05.24 23:33:18.159,1.38086,1.3811,1.07,1.00
2016.05.24 23:33:18.945,1.38086,1.38111,1.07,1.57
2016.05.24 23:33:20.211,1.38086,1.3811,1.07,1.00
2016.05.24 23:33:20.762,1.38088,1.38111,1.00,1.57
2016.05.24 23:33:21.647,1.38088,1.3811,1.00,1.00
2016.05.24 23:33:22.247,1.38088,1.38111,1.10,1.50
2016.05.24 23:33:35.420,1.38088,1.38109,1.10,1.00
2016.05.24 23:33:35.969,1.38085,1.38109,1.07,1.00
2016.05.24 23:33:45.790,1.38085,1.3811,1.07,1.50
2016.05.24 23:33:55.286,1.38086,1.38111,1.07,1.10
2016.05.24 23:33:55.613,1.38091,1.38111,1.00,1.00
2016.05.24 23:33:59.123,1.38091,1.3811,1.00,1.00
2016.05.24 23:33:59.803,1.38091,1.38111,1.00,1.00
2016.05.24 23:34:00.305,1.38091,1.3811,1.00,1.00
2016.05.24 23:34:01.306,1.38091,1.38111,1.00,1.00
2016.05.24 23:34:01.807,1.38091,1.3811,1.00,1.00
2016.05.24 23:34:02.308,1.38091,1.38111,1.00,1.00
2016.05.24 23:34:03.182,1.38092,1.38111,1.00,1.00
2016.05.24 23:34:03.683,1.38092,1.38112,1.00,1.00
2016.05.24 23:34:04.439,1.38092,1.38113,1.00,2.32
2016.05.24 23:34:06.518,1.38091,1.38112,1.00,1.00
2016.05.24 23:34:12.409,1.3809,1.38112,1.00,1.50
2016.05.24 23:34:13.227,1.3809,1.38111,1.00,1.00
2016.05.24 23:34:15.518,1.38089,1.38111,1.00,1.00
2016.05.24 23:34:16.071,1.38089,1.38112,1.00,1.57
2016.05.24 23:34:16.630,1.38096,1.38112,1.00,1.10
2016.05.24 23:34:16.681,1.38096,1.38118,1.00,1.05
2016.05.24 23:34:16.732,1.38104,1.38118,1.00,1.00
2016.05.24 23:34:16.833,1.38106,1.38128,1.42,1.07
2016.05.24 23:34:16.934,1.38112,1.38136,1.00,1.37
2016.05.24 23:34:17.036,1.38121,1.38148,1.00,1.05
2016.05.24 23:34:17.088,1.38123,1.38148,1.00,1.05
2016.05.24 23:34:17.139,1.38126,1.38153,1.00,1.00
2016.05.24 23:34:17.240,1.38127,1.38161,1.00,1.00
2016.05.24 23:34:17.291,1.38127,1.38163,1.00,3.00
2016.05.24 23:34:17.342,1.38129,1.38164,1.00,1.00
2016.05.24 23:34:17.523,1.38131,1.38167,1.00,1.00
2016.05.24 23:34:18.422,1.38131,1.38164,1.00,1.00
2016.05.24 23:34:18.624,1.38129,1.38164,1.00,1.00
2016.05.24 23:34:18.725,1.38127,1.38161,1.00,1.00
2016.05.24 23:34:19.028,1.3812,1.38154,1.00,1.00
2016.05.24 23:34:19.823,1.38119,1.38154,1.00,1.00
2016.05.24 23:34:21.133,1.3812,1.38154,1.00,1.50
2016.05.24 23:34:22.091,1.3812,1.38153,1.50,1.00
2016.05.24 23:34:22.394,1.38125,1.38155,1.00,1.87
2016.05.24 23:34:23.268,1.38125,1.38154,1.00,1.00
2016.05.24 23:34:23.581,1.38124,1.38152,1.00,1.00
2016.05.24 23:34:24.920,1.38123,1.38152,1.00,1.00
2016.05.24 23:34:25.422,1.38124,1.38152,1.00,1.00
2016.05.24 23:34:31.955,1.38125,1.38152,1.00,1.00
2016.05.24 23:34:33.419,1.38125,1.38151,1.00,1.00
2016.05.24 23:34:34.158,1.38122,1.38151,1.00,1.00
2016.05.24 23:34:34.209,1.3812,1.38151,1.00,1.00
2016.05.24 23:34:34.310,1.3812,1.38148,1.00,1.00
2016.05.24 23:34:34.360,1.38115,1.38148,1.37,1.00
2016.05.24 23:34:34.411,1.38115,1.38145,1.80,1.00
2016.05.24 23:34:34.720,1.38114,1.38142,1.50,1.00
2016.05.24 23:34:39.855,1.38114,1.38145,1.07,1.57
2016.05.24 23:34:45.449,1.38114,1.38143,1.07,1.00
2016.05.24 23:34:45.929,1.38115,1.38145,1.10,1.10
2016.05.24 23:34:46.080,1.38115,1.38145,1.07,1.00
2016.05.24 23:34:50.087,1.38114,1.38142,1.12,1.00
2016.05.24 23:35:00.484,1.38115,1.38143,1.07,1.50
2016.05.24 23:35:02.110,1.38115,1.38142,1.07,1.00
2016.05.24 23:35:02.646,1.38115,1.38143,1.07,1.50
2016.05.24 23:35:06.527,1.38114,1.38142,1.80,1.00
2016.05.24 23:35:07.052,1.38114,1.38143,1.80,1.50
2016.05.24 23:35:08.523,1.38114,1.38142,1.80,1.00
2016.05.24 23:35:09.051,1.38114,1.38141,1.80,1.00
2016.05.24 23:35:09.555,1.38115,1.38142,1.50,1.50
2016.05.24 23:35:10.057,1.38114,1.38143,1.80,1.50
2016.05.24 23:35:11.359,1.38114,1.38142,1.80,1.00
2016.05.24 23:35:12.562,1.38114,1.38143,1.80,1.50
2016.05.24 23:35:13.559,1.38114,1.38142,1.80,1.00
2016.05.24 23:35:14.134,1.38114,1.38143,1.80,1.50
2016.05.24 23:35:14.685,1.38114,1.38142,1.80,1.00
2016.05.24 23:35:15.337,1.38114,1.38143,1.80,1.50
2016.05.24 23:35:16.066,1.38114,1.38142,1.80,1.00
2016.05.24 23:35:16.757,1.38115,1.38145,1.07,1.00
2016.05.24 23:35:21.882,1.38115,1.38144,1.07,1.00
2016.05.24 23:35:22.115,1.38114,1.38146,1.80,1.57
2016.05.24 23:35:23.155,1.38115,1.38146,1.80,1.00
2016.05.24 23:35:23.422,1.38115,1.38141,1.80,1.00
2016.05.24 23:35:23.725,1.38109,1.38135,1.42,1.00
2016.05.24 23:35:23.776,1.38109,1.38138,1.42,1.07
2016.05.24 23:35:23.827,1.38113,1.38138,1.05,1.00
2016.05.24 23:35:23.928,1.38113,1.3814,1.05,1.00
2016.05.24 23:35:28.420,1.38109,1.38139,1.37,1.37
2016.05.24 23:35:29.441,1.38109,1.38138,1.07,1.50
2016.05.24 23:35:43.812,1.3811,1.38137,1.07,1.07
2016.05.24 23:35:44.499,1.38109,1.3814,1.37,1.37
2016.05.24 23:35:48.991,1.38109,1.38141,2.17,1.37
2016.05.24 23:36:05.049,1.3811,1.38141,1.37,1.37
2016.05.24 23:36:21.012,1.38112,1.38143,1.07,1.05
2016.05.24 23:36:21.113,1.38114,1.38146,1.12,1.42
2016.05.24 23:36:22.449,1.38114,1.38146,1.37,1.05
2016.05.24 23:36:43.712,1.38115,1.38146,1.07,1.42
2016.05.24 23:36:51.354,1.38115,1.38147,1.07,1.05
2016.05.24 23:36:51.456,1.38121,1.38152,1.00,1.05
2016.05.24 23:36:51.759,1.38121,1.38152,1.00,1.42
2016.05.24 23:36:51.810,1.38119,1.38152,1.07,1.05
2016.05.24 23:36:51.860,1.38124,1.38152,1.00,1.05
2016.05.24 23:36:52.012,1.38123,1.38156,1.00,1.42
2016.05.24 23:36:52.113,1.38123,1.38158,1.00,1.12
2016.05.24 23:36:52.214,1.38125,1.38159,1.00,1.42
2016.05.24 23:36:52.780,1.38125,1.38159,1.50,1.12
2016.05.24 23:36:53.311,1.38125,1.3816,1.50,1.42
2016.05.24 23:36:57.162,1.38126,1.3816,1.00,1.42
2016.05.24 23:36:57.669,1.38125,1.3816,2.25,1.42
2016.05.24 23:36:58.374,1.38126,1.3816,1.00,1.42
2016.05.24 23:36:59.374,1.38125,1.3816,1.50,1.42
2016.05.24 23:37:02.729,1.38124,1.3816,1.50,2.17
2016.05.24 23:37:12.676,1.38125,1.38159,1.00,1.37
2016.05.24 23:37:27.065,1.38126,1.3816,1.00,1.05
2016.05.24 23:37:28.187,1.38127,1.38159,1.37,1.37
2016.05.24 23:37:28.440,1.38134,1.38167,1.12,1.05
2016.05.24 23:37:28.541,1.38134,1.38173,1.50,1.87
2016.05.24 23:37:28.592,1.38139,1.38173,1.00,1.47
2016.05.24 23:37:28.642,1.38139,1.38172,1.00,1.37
2016.05.24 23:37:29.726,1.38139,1.38172,1.00,1.05
2016.05.24 23:37:30.099,1.3814,1.38176,1.00,1.05
2016.05.24 23:37:30.698,1.3814,1.38176,1.00,1.37
2016.05.24 23:37:31.240,1.38141,1.38176,1.00,1.37
2016.05.24 23:37:32.322,1.38142,1.38176,1.00,1.37
2016.05.24 23:37:32.856,1.38141,1.38172,1.00,1.07
2016.05.24 23:37:32.907,1.38135,1.38172,1.37,1.75
2016.05.24 23:37:32.958,1.38135,1.38169,1.37,1.80
2016.05.24 23:37:33.276,1.38134,1.38168,1.05,1.42
2016.05.24 23:37:35.564,1.38132,1.38166,2.17,1.05
2016.05.24 23:37:35.715,1.38131,1.38163,2.17,1.37
2016.05.24 23:37:35.816,1.38131,1.38163,2.17,1.05
2016.05.24 23:37:36.359,1.38132,1.38164,1.42,1.05
2016.05.24 23:37:36.884,1.38131,1.38164,1.37,1.05
2016.05.24 23:37:37.868,1.38131,1.38163,1.80,1.42
2016.05.24 23:37:45.137,1.3813,1.38161,1.37,1.05
2016.05.24 23:37:55.708,1.3813,1.38161,1.37,1.37
2016.05.24 23:38:00.218,1.3813,1.38162,1.05,1.42
2016.05.24 23:38:55.356,1.38129,1.38161,1.05,1.05
2016.05.24 23:39:02.707,1.38129,1.38161,1.05,1.42
2016.05.24 23:39:05.006,1.38129,1.38161,1.42,1.05
2016.05.24 23:39:05.158,1.38129,1.38161,1.37,1.05
2016.05.24 23:39:11.626,1.38129,1.38161,1.42,1.05
2016.05.24 23:39:18.553,1.38132,1.38163,1.12,1.42
2016.05.24 23:39:18.654,1.38133,1.38168,2.17,1.87
2016.05.24 23:39:18.705,1.38136,1.38169,1.50,2.92
2016.05.24 23:39:18.814,1.38145,1.3817,1.00,1.37
2016.05.24 23:39:18.916,1.38138,1.3817,1.42,2.62
2016.05.24 23:39:19.017,1.38137,1.38171,1.05,3.00
2016.05.24 23:39:19.648,1.38135,1.3817,1.10,1.75
2016.05.24 23:39:19.749,1.38136,1.3817,1.07,2.25
2016.05.24 23:39:20.005,1.38136,1.3817,1.80,1.45
2016.05.24 23:39:30.103,1.38136,1.3817,1.80,1.50
2016.05.24 23:39:31.770,1.38142,1.38165,1.00,1.00
2016.05.24 23:39:31.821,1.38142,1.38172,3.00,1.42
2016.05.24 23:39:31.872,1.38145,1.38174,1.00,1.07
2016.05.24 23:39:31.973,1.38141,1.38167,1.00,1.05
2016.05.24 23:39:32.175,1.38134,1.38161,1.05,1.00
2016.05.24 23:39:32.276,1.38134,1.3817,1.80,1.75
2016.05.24 23:39:32.327,1.38134,1.38169,1.80,1.20
2016.05.24 23:39:32.378,1.38134,1.38169,1.37,1.57
2016.05.24 23:39:32.923,1.38134,1.3817,2.55,1.05
2016.05.24 23:39:33.536,1.38135,1.38171,1.50,2.17
2016.05.24 23:39:34.638,1.38135,1.38171,1.80,2.17
2016.05.24 23:39:35.827,1.38136,1.3817,1.80,1.12
2016.05.24 23:39:38.112,1.38136,1.3817,1.80,1.50
2016.05.24 23:39:42.216,1.38142,1.3817,1.00,1.50
2016.05.24 23:39:42.318,1.38139,1.38168,1.00,1.10
2016.05.24 23:39:42.419,1.38139,1.38168,1.07,1.07
2016.05.24 23:39:43.400,1.38139,1.38168,1.37,1.10
2016.05.24 23:39:48.026,1.38141,1.38171,1.50,2.17
2016.05.24 23:39:48.566,1.38144,1.38166,1.10,1.00
2016.05.24 23:39:55.356,1.38143,1.3817,1.07,1.07
2016.05.24 23:39:55.931,1.38145,1.3817,1.00,1.07
2016.05.24 23:39:56.486,1.38142,1.38169,1.07,1.07
2016.05.24 23:39:57.437,1.38143,1.38167,1.07,1.00
2016.05.24 23:40:04.774,1.38142,1.3817,1.57,1.07
2016.05.24 23:40:05.471,1.38144,1.3817,1.07,1.07
2016.05.24 23:40:06.497,1.38148,1.3817,1.00,1.07
2016.05.24 23:40:22.080,1.38142,1.3817,1.12,1.07
2016.05.24 23:40:23.836,1.38144,1.38166,1.07,1.00
2016.05.24 23:40:24.557,1.38143,1.3817,1.07,1.07
2016.05.24 23:40:24.608,1.38151,1.38172,1.50,1.12
2016.05.24 23:40:24.709,1.38155,1.38176,1.50,1.00
2016.05.24 23:40:24.810,1.38158,1.38176,1.07,1.00
2016.05.24 23:40:24.962,1.3816,1.38183,1.10,1.00
2016.05.24 23:40:25.463,1.3816,1.38184,1.10,1.00
2016.05.24 23:40:25.965,1.3816,1.38183,1.10,1.00
2016.05.24 23:40:26.116,1.38165,1.38189,2.25,1.00
2016.05.24 23:40:26.167,1.38168,1.38189,1.00,1.00
2016.05.24 23:40:26.269,1.3817,1.38202,1.07,1.50
2016.05.24 23:40:26.319,1.38172,1.38202,1.57,1.00
2016.05.24 23:40:26.534,1.38172,1.38207,1.07,2.32
2016.05.24 23:40:26.786,1.38171,1.38209,1.05,3.30
2016.05.24 23:40:27.982,1.38173,1.38207,1.12,1.50
2016.05.24 23:40:28.336,1.38172,1.38204,1.37,1.80
2016.05.24 23:40:28.876,1.38172,1.38203,1.37,1.37
2016.05.24 23:40:29.179,1.38168,1.382,1.37,1.42
2016.05.24 23:40:29.280,1.38162,1.38198,1.75,1.80
2016.05.24 23:40:29.331,1.38161,1.38198,1.75,1.80
2016.05.24 23:40:29.432,1.38162,1.38197,1.07,2.55
2016.05.24 23:40:30.049,1.38163,1.38195,1.05,1.05
2016.05.24 23:40:31.497,1.38162,1.38195,1.07,1.42
2016.05.24 23:40:32.621,1.38158,1.38194,1.77,1.37
2016.05.24 23:40:32.722,1.38158,1.38195,1.10,1.80
2016.05.24 23:40:36.698,1.38157,1.38194,1.07,1.07
2016.05.24 23:40:38.933,1.3816,1.38194,1.00,1.07
2016.05.24 23:40:48.128,1.3816,1.38193,1.00,1.07
2016.05.24 23:40:50.479,1.38159,1.38189,1.00,1.00
2016.05.24 23:40:50.753,1.38156,1.38189,1.00,1.07
2016.05.24 23:40:53.794,1.38155,1.38189,1.50,1.07
2016.05.24 23:40:57.899,1.38156,1.38189,1.00,1.07
2016.05.24 23:40:59.055,1.38155,1.38189,1.50,1.07
2016.05.24 23:40:59.685,1.38156,1.38189,1.00,1.07
2016.05.24 23:41:00.208,1.38155,1.38189,1.50,1.07
2016.05.24 23:41:00.725,1.38156,1.3819,1.00,2.62
2016.05.24 23:41:02.493,1.38155,1.3819,1.50,1.87
2016.05.24 23:41:03.797,1.38156,1.38188,1.00,1.07
2016.05.24 23:41:04.307,1.38155,1.38188,1.00,1.07
2016.05.24 23:41:08.106,1.38157,1.38188,1.00,1.07
2016.05.24 23:41:08.676,1.38157,1.38188,1.00,1.00
2016.05.24 23:41:09.879,1.38156,1.38188,1.50,1.00
2016.05.24 23:41:15.316,1.38157,1.38188,1.00,1.00
2016.05.24 23:41:15.842,1.38156,1.38188,1.00,1.00
2016.05.24 23:41:16.718,1.38155,1.38188,1.00,1.00
2016.05.24 23:41:17.294,1.38156,1.38188,1.00,1.00
2016.05.24 23:41:18.020,1.38155,1.38188,1.00,1.00
2016.05.24 23:41:18.329,1.38157,1.38189,1.00,1.10
2016.05.24 23:41:19.385,1.38155,1.38189,1.00,1.10
2016.05.24 23:41:19.890,1.38157,1.38189,1.00,1.10
2016.05.24 23:41:20.896,1.38156,1.38189,1.00,1.10
2016.05.24 23:41:22.136,1.38156,1.38189,1.00,1.07
2016.05.24 23:41:22.440,1.38158,1.38189,1.00,1.10
2016.05.24 23:41:22.995,1.38158,1.3819,1.00,1.00
2016.05.24 23:41:23.402,1.38156,1.38189,1.00,1.00
2016.05.24 23:41:23.503,1.38154,1.38189,1.00,1.00
2016.05.24 23:41:23.738,1.38154,1.38188,1.00,1.07
2016.05.24 23:41:24.283,1.38155,1.38188,1.00,1.07
2016.05.24 23:41:24.820,1.38157,1.38188,1.00,1.07
2016.05.24 23:41:26.138,1.38155,1.38188,1.50,1.07
2016.05.24 23:41:27.196,1.38157,1.38188,1.00,1.07
2016.05.24 23:41:27.512,1.38155,1.38188,1.00,1.07
2016.05.24 23:41:28.020,1.38156,1.38188,1.00,1.07
2016.05.24 23:41:28.545,1.38157,1.38188,1.00,1.10
2016.05.24 23:41:36.517,1.38156,1.38188,1.00,1.00
2016.05.24 23:41:37.595,1.38156,1.3819,1.00,1.12
2016.05.24 23:41:43.340,1.38158,1.38191,1.00,1.37
2016.05.24 23:41:43.442,1.38157,1.38192,1.00,1.07
2016.05.24 23:41:44.060,1.38158,1.38192,1.00,1.07
2016.05.24 23:41:45.364,1.38159,1.38192,1.00,1.07
2016.05.24 23:41:54.477,1.38158,1.38194,1.00,1.37
2016.05.24 23:41:57.090,1.38159,1.38194,1.00,1.57
2016.05.24 23:41:58.389,1.38158,1.38194,1.00,1.07
2016.05.24 23:41:59.366,1.3816,1.38194,1.00,1.07
2016.05.24 23:41:59.467,1.38158,1.38194,1.00,1.07
2016.05.24 23:42:10.376,1.38159,1.38193,1.00,1.10
2016.05.24 23:42:16.399,1.38158,1.38192,1.50,1.00
2016.05.24 23:42:16.450,1.38158,1.38192,1.50,1.07
2016.05.24 23:42:16.501,1.38156,1.38192,1.50,1.07
2016.05.24 23:42:17.051,1.38157,1.38192,1.00,1.07
2016.05.24 23:42:19.413,1.38158,1.38193,1.00,1.12
2016.05.24 23:42:22.264,1.3816,1.38195,1.00,1.37
2016.05.24 23:42:22.365,1.3816,1.38195,1.00,1.07
2016.05.24 23:42:22.942,1.3816,1.38195,1.00,1.07
2016.05.24 23:42:23.587,1.3816,1.38195,1.07,1.12
2016.05.24 23:42:23.688,1.3816,1.38197,3.00,1.07
2016.05.24 23:42:23.738,1.38163,1.38197,1.00,1.07
2016.05.24 23:42:23.840,1.3816,1.38197,1.00,1.20
2016.05.24 23:42:24.505,1.3816,1.38194,1.00,1.10
2016.05.24 23:42:28.849,1.38159,1.38194,1.00,1.10
2016.05.24 23:42:30.417,1.38159,1.38194,1.00,1.07
2016.05.24 23:42:45.467,1.3816,1.38195,1.00,1.07
2016.05.24 23:42:45.568,1.3816,1.38195,1.07,1.07
2016.05.24 23:42:45.719,1.3816,1.38197,2.17,1.20
2016.05.24 23:42:45.770,1.38162,1.38197,1.00,1.07
2016.05.24 23:42:45.871,1.3816,1.38197,1.00,1.20
2016.05.24 23:42:46.023,1.38159,1.38195,1.50,1.07
2016.05.24 23:42:47.149,1.38159,1.38197,1.37,1.12
2016.05.24 23:42:47.351,1.3816,1.38195,1.00,1.10
2016.05.24 23:42:47.904,1.38159,1.38195,1.00,1.10
2016.05.24 23:42:52.378,1.38158,1.38195,1.50,1.10
2016.05.24 23:42:55.384,1.38159,1.38195,1.50,1.10
2016.05.24 23:42:55.921,1.3816,1.38195,1.00,1.10
2016.05.24 23:43:02.390,1.38159,1.38196,1.50,1.07
2016.05.24 23:43:10.293,1.3816,1.38195,1.00,1.10
2016.05.24 23:43:12.428,1.3816,1.38197,2.25,2.55
2016.05.24 23:43:12.529,1.38161,1.38197,1.50,1.57
2016.05.24 23:43:13.166,1.3816,1.38194,1.00,1.00
2016.05.24 23:43:13.767,1.38161,1.38194,1.00,1.00
2016.05.24 23:43:22.018,1.38161,1.38194,1.00,1.07
2016.05.24 23:43:22.119,1.38159,1.38194,1.00,1.07
2016.05.24 23:43:22.637,1.38158,1.38194,1.50,1.07
2016.05.24 23:43:22.996,1.38158,1.38194,1.87,1.12
2016.05.24 23:43:23.098,1.38158,1.38194,1.67,1.07
2016.05.24 23:43:23.203,1.38158,1.38194,1.50,1.07
2016.05.24 23:43:23.764,1.38159,1.38194,1.00,1.07
2016.05.24 23:43:25.460,1.38158,1.38194,1.00,1.07
2016.05.24 23:43:30.454,1.38159,1.38194,1.00,1.07
2016.05.24 23:43:31.459,1.38161,1.38195,1.07,1.37
2016.05.24 23:43:31.560,1.38159,1.38196,2.92,1.12
2016.05.24 23:43:36.357,1.3816,1.38196,1.00,1.87
2016.05.24 23:43:36.923,1.38159,1.38196,1.00,1.12
2016.05.24 23:43:41.384,1.38158,1.38194,1.00,1.07
2016.05.24 23:43:41.986,1.38159,1.38194,1.00,1.07
2016.05.24 23:43:42.589,1.38158,1.38194,1.00,1.07
2016.05.24 23:43:43.490,1.38159,1.38194,1.00,1.07
2016.05.24 23:43:44.010,1.38158,1.38194,1.00,1.07
2016.05.24 23:43:44.569,1.38159,1.38194,1.00,1.07
2016.05.24 23:43:45.229,1.38158,1.38194,1.00,1.07
2016.05.24 23:43:45.997,1.38159,1.38194,1.00,1.07
2016.05.24 23:43:46.499,1.38158,1.38194,1.00,1.07
2016.05.24 23:43:47.000,1.38159,1.38194,1.00,1.07
2016.05.24 23:43:49.473,1.38158,1.38194,1.00,1.07
2016.05.24 23:43:49.524,1.38158,1.38194,1.00,1.12
2016.05.24 23:43:52.472,1.38158,1.38192,1.00,1.37
2016.05.24 23:43:53.065,1.38157,1.38193,1.10,2.55
2016.05.24 23:43:53.623,1.38158,1.38192,1.00,1.37
2016.05.24 23:43:53.872,1.38155,1.38191,1.57,1.37
2016.05.24 23:44:10.492,1.38154,1.38192,1.87,1.05
2016.05.24 23:44:14.113,1.38158,1.38191,1.00,1.12
2016.05.24 23:44:14.265,1.38158,1.38195,1.50,1.37
2016.05.24 23:44:14.521,1.3816,1.38196,1.00,1.37
2016.05.24 23:44:14.573,1.3816,1.38197,1.00,2.55
2016.05.24 23:44:15.531,1.38162,1.38197,1.00,1.80
2016.05.24 23:44:16.055,1.38162,1.38197,1.07,1.12
2016.05.24 23:44:16.620,1.38164,1.38198,1.00,1.37
2016.05.24 23:44:19.426,1.38162,1.38197,1.07,1.12
2016.05.24 23:44:39.569,1.38163,1.38198,1.07,1.12
2016.05.24 23:44:44.311,1.38164,1.38199,1.07,1.07
2016.05.24 23:44:45.757,1.38164,1.382,1.00,1.07
2016.05.24 23:44:46.826,1.38164,1.382,1.07,1.12
2016.05.24 23:44:55.525,1.38164,1.38198,1.10,1.07
2016.05.24 23:44:59.608,1.38165,1.38198,1.00,1.07
2016.05.24 23:45:02.036,1.38163,1.38199,1.07,1.57
2016.05.24 23:45:10.249,1.38165,1.38197,1.00,1.07
2016.05.24 23:45:10.750,1.38164,1.38197,1.07,1.07
2016.05.24 23:45:31.131,1.38163,1.38197,1.37,1.87
2016.05.24 23:45:48.890,1.38164,1.38197,1.07,1.07
2016.05.24 23:46:05.786,1.38163,1.38198,1.80,1.87
2016.05.24 23:46:06.562,1.38163,1.38198,1.80,1.87
2016.05.24 23:46:22.391,1.38163,1.38197,1.80,1.07
2016.05.24 23:46:31.112,1.38162,1.382,1.80,1.07
2016.05.24 23:46:36.399,1.38162,1.38199,1.80,1.05
2016.05.24 23:46:40.662,1.38163,1.38195,1.37,1.37
2016.05.24 23:46:41.213,1.38163,1.38195,1.37,1.05
2016.05.24 23:46:41.866,1.38163,1.38195,1.42,1.05
2016.05.24 23:46:56.508,1.38162,1.38195,1.05,1.37
2016.05.24 23:47:11.801,1.38163,1.38196,1.37,1.37
2016.05.24 23:47:24.138,1.38163,1.38195,1.37,1.37
2016.05.24 23:47:25.331,1.38162,1.38195,1.05,1.80
2016.05.24 23:47:49.765,1.38162,1.38194,1.37,1.05
2016.05.24 23:47:50.284,1.38162,1.38195,1.05,1.05
2016.05.24 23:47:50.839,1.38163,1.38197,1.42,1.87
2016.05.24 23:47:50.942,1.38162,1.38197,1.80,1.12
2016.05.24 23:48:08.455,1.38162,1.38196,1.05,1.05
2016.05.24 23:48:19.883,1.38164,1.38196,1.05,1.87
2016.05.24 23:48:28.949,1.38162,1.38193,1.75,1.75
2016.05.24 23:48:29.151,1.38153,1.38186,1.42,1.05
2016.05.24 23:48:29.252,1.38153,1.38185,1.37,1.05
2016.05.24 23:48:29.664,1.38151,1.38183,1.37,1.37
2016.05.24 23:48:32.542,1.38156,1.38188,1.10,1.80
2016.05.24 23:48:32.593,1.3816,1.38188,1.00,1.12
2016.05.24 23:48:32.959,1.3816,1.38188,1.07,1.12
2016.05.24 23:48:39.488,1.38159,1.38187,1.10,1.05
2016.05.24 23:48:47.044,1.38159,1.38187,1.07,1.37
2016.05.24 23:48:58.065,1.38161,1.38187,1.00,1.37
2016.05.24 23:48:58.365,1.38163,1.38187,1.00,1.37
2016.05.24 23:49:03.502,1.38159,1.38187,1.07,1.37
2016.05.24 23:49:19.089,1.38163,1.38189,1.00,1.80
2016.05.24 23:49:20.172,1.38159,1.38188,2.32,1.37
2016.05.24 23:49:20.273,1.3816,1.38184,1.75,1.00
2016.05.24 23:49:20.375,1.3816,1.38184,1.10,1.07
2016.05.24 23:49:20.866,1.38162,1.38185,1.00,1.12
2016.05.24 23:49:21.776,1.38163,1.38188,1.00,2.92
2016.05.24 23:49:21.928,1.38157,1.38181,1.37,1.00
2016.05.24 23:49:22.029,1.38154,1.3818,1.07,1.07
2016.05.24 23:49:22.618,1.38151,1.3818,1.37,1.87
2016.05.24 23:49:26.453,1.38149,1.38181,3.30,1.42
2016.05.24 23:49:28.899,1.38155,1.38184,1.00,1.75
2016.05.24 23:49:29.000,1.38156,1.38186,1.05,1.37
2016.05.24 23:49:29.101,1.38157,1.38186,1.05,1.12
2016.05.24 23:49:29.303,1.38157,1.38186,1.05,1.07
2016.05.24 23:50:02.410,1.38158,1.38184,1.42,1.00
2016.05.24 23:50:02.612,1.38145,1.38176,1.20,1.00
2016.05.24 23:50:02.663,1.3815,1.38176,1.00,1.00
2016.05.24 23:50:02.966,1.38151,1.38174,1.00,1.00
2016.05.24 23:50:03.268,1.38146,1.38172,2.25,1.10
2016.05.24 23:50:03.319,1.38146,1.38172,1.07,1.10
2016.05.24 23:50:07.474,1.38147,1.38172,1.10,1.12
2016.05.24 23:50:09.569,1.38147,1.38168,1.10,1.00
2016.05.24 23:50:13.793,1.38147,1.38172,1.00,1.12
2016.05.24 23:50:14.325,1.38147,1.38168,1.00,1.00
2016.05.24 23:50:16.629,1.38147,1.38172,1.00,1.12
2016.05.24 23:50:18.489,1.38149,1.38172,1.00,1.87
2016.05.24 23:50:20.337,1.38147,1.38172,1.00,1.87
2016.05.24 23:50:21.969,1.38147,1.38168,1.00,1.00
2016.05.24 23:50:46.218,1.38146,1.38168,1.00,1.00
2016.05.24 23:50:49.808,1.38146,1.3817,1.00,1.07
2016.05.24 23:50:51.412,1.38147,1.3817,1.00,1.07
2016.05.24 23:50:51.548,1.38149,1.3817,1.00,1.07
2016.05.24 23:50:59.030,1.38146,1.38171,1.00,1.07
2016.05.24 23:50:59.393,1.38144,1.38171,1.00,2.92
2016.05.24 23:50:59.545,1.38141,1.38166,1.15,1.00
2016.05.24 23:50:59.646,1.38139,1.38166,1.10,1.07
2016.05.24 23:51:00.151,1.38139,1.38164,1.00,1.07
2016.05.24 23:51:00.806,1.3814,1.38164,1.00,1.07
2016.05.24 23:51:02.149,1.38139,1.38166,1.00,1.12
2016.05.24 23:51:02.460,1.38139,1.38167,1.00,1.07
2016.05.24 23:51:02.988,1.3814,1.38167,1.00,1.07
2016.05.24 23:51:09.461,1.38139,1.38167,1.00,1.07
2016.05.24 23:51:10.848,1.38138,1.38167,1.10,1.07
2016.05.24 23:51:15.383,1.38138,1.38164,1.10,1.00
2016.05.24 23:51:23.027,1.38135,1.38164,1.37,1.57
2016.05.24 23:51:41.509,1.38138,1.38166,1.07,1.37
2016.05.24 23:51:41.711,1.38144,1.38171,2.25,1.07
2016.05.24 23:51:41.762,1.38145,1.38171,1.05,1.00
2016.05.24 23:51:42.279,1.38145,1.38171,1.42,1.00
2016.05.24 23:51:51.858,1.38145,1.38171,1.80,1.00
2016.05.24 23:51:52.609,1.38144,1.38172,2.17,1.50
2016.05.24 23:51:53.208,1.38144,1.38171,2.17,1.00
2016.05.24 23:51:53.711,1.38144,1.38172,2.17,1.50
2016.05.24 23:51:54.320,1.38144,1.38171,2.17,1.00
2016.05.24 23:51:54.824,1.38146,1.38171,1.05,1.00
2016.05.24 23:51:55.832,1.38145,1.3817,2.17,1.00
2016.05.24 23:52:02.279,1.38145,1.38171,2.17,1.50
2016.05.24 23:52:03.544,1.38145,1.3817,1.42,1.00
2016.05.24 23:52:04.133,1.38145,1.38171,1.42,1.50
2016.05.24 23:52:04.635,1.38145,1.3817,1.42,1.00
2016.05.24 23:52:05.140,1.38145,1.38171,1.42,1.50
2016.05.24 23:52:05.786,1.38145,1.3817,1.42,1.00
2016.05.24 23:52:06.289,1.38145,1.38171,1.42,1.50
2016.05.24 23:52:06.793,1.38145,1.3817,1.42,1.00
2016.05.24 23:52:07.341,1.38145,1.38171,1.42,1.50
2016.05.24 23:52:07.842,1.38145,1.3817,1.42,1.00
2016.05.24 23:52:08.344,1.38145,1.38171,1.42,1.50
2016.05.24 23:52:08.850,1.38145,1.3817,1.42,1.00
2016.05.24 23:52:09.616,1.38145,1.38171,1.42,1.50
2016.05.24 23:52:10.152,1.38145,1.3817,1.42,1.00
2016.05.24 23:52:10.881,1.38145,1.38171,2.17,1.00
2016.05.24 23:52:25.782,1.38145,1.38171,1.42,1.00
2016.05.24 23:52:26.443,1.38145,1.38172,1.42,1.00
2016.05.24 23:52:26.554,1.38152,1.38177,1.10,1.12
2016.05.24 23:52:26.605,1.38157,1.38182,1.50,1.75
2016.05.24 23:52:26.656,1.38157,1.38183,1.57,1.10
2016.05.24 23:52:26.707,1.38161,1.38186,1.50,1.12
2016.05.24 23:52:26.758,1.38161,1.38186,2.25,1.00
2016.05.24 23:52:26.859,1.38164,1.38193,1.12,1.00
2016.05.24 23:52:27.397,1.38164,1.38195,1.80,1.07
2016.05.24 23:52:29.150,1.38166,1.38195,1.37,1.07
2016.05.24 23:52:29.401,1.38165,1.38195,1.75,1.10
2016.05.24 23:52:36.513,1.38164,1.38194,1.80,1.00
2016.05.24 23:52:37.064,1.38164,1.38195,1.80,1.57
2016.05.24 23:52:37.567,1.38164,1.38194,1.80,1.00
2016.05.24 23:52:38.116,1.38165,1.38195,1.50,1.10
2016.05.24 23:52:38.889,1.38165,1.38194,1.50,1.00
2016.05.24 23:52:39.520,1.38165,1.38195,1.50,1.10
2016.05.24 23:52:39.718,1.38165,1.38193,1.50,1.00
2016.05.24 23:52:41.722,1.38165,1.38194,1.50,1.00
2016.05.24 23:52:42.239,1.38165,1.38193,1.50,1.00
2016.05.24 23:52:42.782,1.38165,1.38194,1.50,1.00
2016.05.24 23:52:43.559,1.38165,1.38193,1.50,1.00
2016.05.24 23:52:44.169,1.38165,1.38194,1.50,1.00
2016.05.24 23:52:45.028,1.38164,1.38193,1.80,1.00
2016.05.24 23:52:45.542,1.38164,1.38194,1.80,1.00
2016.05.24 23:52:46.115,1.38164,1.38193,1.80,1.00
2016.05.24 23:52:46.810,1.38164,1.38194,1.80,1.00
2016.05.24 23:52:47.433,1.38164,1.38195,1.80,1.10
2016.05.24 23:52:51.289,1.38164,1.38196,1.80,1.00
2016.05.24 23:52:56.089,1.38164,1.38197,1.80,1.57
2016.05.24 23:53:02.092,1.38164,1.38195,1.80,1.00
2016.05.24 23:53:17.661,1.38164,1.38197,1.80,1.07
2016.05.24 23:53:24.476,1.38165,1.38199,1.37,1.37
2016.05.24 23:54:14.423,1.38167,1.38195,1.50,1.00
2016.05.24 23:54:15.788,1.38166,1.38197,1.80,1.10
2016.05.24 23:54:38.540,1.38169,1.38199,1.80,1.87
2016.05.24 23:54:38.641,1.38171,1.38199,1.05,1.57
2016.05.24 23:54:49.402,1.38171,1.382,1.42,1.10
2016.05.24 23:55:25.263,1.38172,1.382,1.37,1.07
2016.05.24 23:55:32.328,1.38172,1.38197,1.37,1.00
2016.05.24 23:55:40.109,1.38172,1.38198,1.37,1.00
2016.05.24 23:55:40.760,1.38171,1.38197,1.05,1.00
2016.05.24 23:55:41.313,1.38171,1.38198,1.05,1.00
2016.05.24 23:55:44.322,1.38169,1.38197,1.75,1.00
2016.05.24 23:55:44.424,1.38166,1.38196,1.42,1.00
2016.05.24 23:55:44.967,1.38166,1.38195,1.05,1.07
2016.05.24 23:55:45.068,1.38166,1.38195,1.42,1.00
2016.05.24 23:55:46.856,1.38169,1.38198,1.37,1.07
2016.05.24 23:55:47.413,1.38169,1.38198,1.05,1.07
2016.05.24 23:55:52.743,1.38166,1.38196,1.42,1.00
2016.05.24 23:55:53.045,1.38166,1.38196,1.42,1.12
2016.05.24 23:56:02.009,1.38164,1.38193,1.42,1.07
2016.05.24 23:56:09.395,1.38164,1.38193,2.17,1.10
2016.05.24 23:56:20.924,1.38164,1.38194,1.42,1.57
2016.05.24 23:56:21.474,1.38164,1.38197,2.17,1.87
2016.05.24 23:56:22.020,1.38167,1.38197,1.42,1.12
2016.05.24 23:56:36.442,1.38165,1.38197,1.42,1.80
2016.05.24 23:56:36.544,1.38165,1.38197,1.42,1.80
2016.05.24 23:56:38.901,1.38165,1.38197,1.42,1.80
2016.05.24 23:56:39.413,1.38165,1.38197,1.05,1.80
2016.05.24 23:56:56.609,1.38167,1.38197,1.42,1.12
2016.05.24 23:57:01.781,1.38167,1.38197,1.42,1.07
2016.05.24 23:57:02.978,1.38168,1.38198,1.42,1.07
2016.05.24 23:57:06.700,1.38166,1.38199,1.75,1.00
2016.05.24 23:57:08.995,1.38166,1.38198,1.07,1.00
2016.05.24 23:57:11.985,1.38166,1.38199,1.07,1.00
2016.05.24 23:57:12.442,1.38165,1.38197,1.12,1.00
2016.05.24 23:57:14.633,1.38167,1.38199,1.07,1.50
2016.05.24 23:57:15.202,1.38167,1.38198,1.07,1.00
2016.05.24 23:57:17.036,1.38167,1.38191,1.07,1.00
2016.05.24 23:57:17.288,1.38161,1.38189,2.25,1.07
2016.05.24 23:57:17.389,1.38163,1.38198,1.07,1.07
2016.05.24 23:57:17.491,1.38164,1.38198,1.07,1.57
2016.05.24 23:57:17.786,1.38164,1.38196,1.07,1.00
2016.05.24 23:57:21.423,1.38164,1.38188,1.07,1.00
2016.05.24 23:57:21.679,1.38159,1.38184,2.25,1.00
2016.05.24 23:57:21.730,1.38162,1.38189,1.00,1.07
2016.05.24 23:57:21.781,1.38163,1.3819,1.00,1.00
2016.05.24 23:57:22.287,1.38162,1.38189,1.50,1.00
2016.05.24 23:57:23.625,1.38162,1.38188,1.50,1.00
2016.05.24 23:57:24.171,1.38162,1.38181,1.50,1.00
2016.05.24 23:57:24.475,1.38154,1.38176,1.12,1.00
2016.05.24 23:57:24.998,1.38154,1.38176,1.07,1.00
2016.05.24 23:57:27.688,1.3816,1.38176,1.00,1.00
2016.05.24 23:57:28.298,1.3816,1.38177,1.00,1.00
2016.05.24 23:57:29.031,1.3816,1.38176,1.00,1.00
2016.05.24 23:57:29.333,1.38154,1.38176,1.07,1.00
2016.05.24 23:57:30.723,1.38156,1.38175,1.07,1.00
2016.05.24 23:57:32.589,1.38156,1.38175,1.00,1.00
2016.05.24 23:57:43.016,1.38156,1.38173,1.00,1.00
2016.05.24 23:57:51.032,1.38156,1.38174,1.00,1.00
2016.05.24 23:57:53.591,1.38155,1.38174,1.50,1.00
2016.05.24 23:57:56.894,1.38156,1.38174,1.00,1.00
2016.05.24 23:57:58.252,1.38155,1.38174,1.10,1.00
2016.05.24 23:57:58.753,1.38156,1.38174,1.00,1.00
2016.05.24 23:57:59.836,1.3816,1.38174,1.00,1.00
2016.05.24 23:58:00.407,1.3816,1.38175,1.00,1.00
2016.05.24 23:58:01.259,1.3816,1.38178,1.00,1.00
2016.05.24 23:58:01.361,1.38156,1.38178,3.00,1.00
2016.05.24 23:58:01.412,1.38159,1.38179,1.00,1.00
2016.05.24 23:58:01.718,1.38162,1.38181,1.00,1.00
2016.05.24 23:58:01.820,1.38162,1.38184,1.00,1.00
2016.05.24 23:58:02.703,1.38163,1.38184,1.00,1.00
2016.05.24 23:58:08.328,1.38162,1.38184,1.00,1.00
2016.05.24 23:58:11.590,1.38162,1.38181,1.00,1.00
2016.05.24 23:58:12.339,1.38162,1.38182,1.00,1.00
2016.05.24 23:58:12.853,1.38161,1.38182,1.50,1.00
2016.05.24 23:58:13.368,1.3816,1.38182,1.10,1.00
2016.05.24 23:58:14.529,1.38162,1.38182,1.00,1.00
2016.05.24 23:58:17.984,1.38162,1.38181,1.00,1.00
2016.05.24 23:58:20.023,1.38162,1.3818,1.00,1.00
2016.05.24 23:58:22.759,1.38161,1.38183,1.50,1.00
2016.05.24 23:58:22.860,1.38164,1.38183,1.00,1.00
2016.05.24 23:58:23.372,1.38163,1.38183,1.00,1.00
2016.05.24 23:58:23.891,1.38163,1.38182,1.00,1.00
2016.05.24 23:58:24.529,1.38164,1.38183,1.00,1.00
2016.05.24 23:58:24.592,1.38164,1.38185,1.00,1.00
2016.05.24 23:58:25.098,1.38164,1.38183,1.00,1.00
2016.05.24 23:58:27.513,1.38164,1.3819,1.00,1.50
2016.05.24 23:58:28.036,1.38164,1.38189,1.10,1.00
2016.05.24 23:58:28.554,1.38164,1.38188,1.10,1.00
2016.05.24 23:58:32.187,1.38163,1.38189,1.57,1.00
2016.05.24 23:58:35.306,1.38164,1.38188,1.10,1.00
2016.05.24 23:58:36.193,1.38164,1.38191,1.10,1.00
2016.05.24 23:58:40.380,1.38164,1.38192,1.10,1.50
2016.05.24 23:58:40.481,1.38163,1.38187,1.57,1.00
2016.05.24 23:58:41.063,1.38163,1.38188,1.07,1.00
2016.05.24 23:58:41.703,1.38162,1.38187,1.07,1.00
2016.05.24 23:58:44.195,1.38163,1.38188,1.07,1.00
2016.05.24 23:58:45.326,1.38163,1.38187,1.07,1.00
2016.05.24 23:58:45.844,1.38162,1.38188,1.07,1.00
2016.05.24 23:58:46.947,1.38163,1.38187,1.07,1.00
2016.05.24 23:58:47.149,1.38161,1.38188,1.57,1.00
2016.05.24 23:58:47.738,1.38162,1.38188,1.00,1.00
2016.05.24 23:58:49.848,1.38162,1.38187,1.00,1.00
2016.05.24 23:58:50.676,1.38163,1.38187,1.00,1.00
2016.05.24 23:58:51.246,1.38162,1.38187,1.00,1.00
2016.05.24 23:58:52.492,1.38163,1.38187,1.00,1.00
2016.05.24 23:58:53.102,1.38163,1.38188,1.00,1.00
2016.05.24 23:58:59.865,1.38163,1.38187,1.00,1.00
2016.05.24 23:59:00.471,1.38163,1.38188,1.00,1.00
2016.05.24 23:59:01.787,1.38163,1.38187,1.50,1.00
2016.05.24 23:59:02.748,1.38163,1.38188,1.57,1.00
2016.05.24 23:59:03.766,1.38163,1.38191,1.57,1.50
2016.05.24 23:59:05.425,1.38163,1.38191,1.00,1.00
2016.05.24 23:59:06.030,1.38163,1.38189,1.00,1.00
2016.05.24 23:59:10.023,1.38163,1.38181,1.00,1.00
2016.05.24 23:59:10.175,1.38161,1.38186,1.07,1.00
2016.05.24 23:59:10.276,1.38158,1.38186,1.50,1.50
2016.05.24 23:59:10.415,1.3816,1.38186,1.00,1.00
2016.05.24 23:59:10.982,1.3816,1.38185,1.00,1.00
2016.05.24 23:59:11.867,1.38159,1.38185,1.00,1.00
2016.05.24 23:59:12.498,1.38159,1.38184,1.00,1.00
2016.05.24 23:59:13.036,1.38159,1.38185,1.00,1.00
2016.05.24 23:59:13.991,1.38159,1.38182,1.00,1.00
2016.05.24 23:59:14.977,1.38159,1.38187,1.00,1.00
2016.05.24 23:59:15.252,1.38162,1.38188,1.00,1.10
2016.05.24 23:59:15.592,1.38162,1.38191,1.50,1.10
2016.05.24 23:59:15.693,1.38163,1.38189,1.00,1.00
2016.05.24 23:59:16.392,1.38163,1.38188,1.00,1.00
2016.05.24 23:59:16.910,1.38163,1.38189,1.00,1.00
2016.05.24 23:59:19.464,1.38163,1.3819,1.00,1.00
2016.05.24 23:59:20.470,1.38162,1.3819,1.57,1.00
2016.05.24 23:59:21.412,1.38162,1.38189,1.57,1.00
2016.05.24 23:59:21.969,1.38163,1.38189,1.00,1.00
2016.05.24 23:59:22.575,1.38163,1.38188,1.00,1.00
2016.05.24 23:59:23.155,1.38163,1.38189,1.00,1.00
2016.05.24 23:59:23.726,1.38163,1.38188,1.00,1.00
2016.05.24 23:59:24.490,1.38163,1.38189,1.00,1.00
2016.05.24 23:59:25.080,1.38163,1.38188,1.00,1.00
2016.05.24 23:59:25.730,1.38163,1.38189,1.00,1.00
2016.05.24 23:59:26.291,1.38163,1.38188,1.00,1.00
2016.05.24 23:59:26.932,1.38163,1.38189,1.00,1.00
2016.05.24 23:59:27.484,1.38164,1.38189,1.00,1.00
2016.05.24 23:59:28.034,1.38163,1.3819,1.00,1.00
2016.05.24 23:59:28.536,1.38163,1.38189,1.00,1.00
2016.05.24 23:59:29.037,1.38163,1.38188,1.00,1.00
2016.05.24 23:59:29.738,1.38162,1.38188,1.57,1.00
2016.05.24 23:59:30.299,1.38162,1.38189,1.57,1.00
2016.05.24 23:59:31.701,1.38163,1.38188,1.00,1.00
2016.05.24 23:59:33.696,1.38163,1.38189,1.00,1.00
2016.05.24 23:59:33.999,1.38157,1.38186,1.12,1.00
2016.05.24 23:59:34.100,1.38153,1.38182,1.07,1.10
2016.05.24 23:59:34.301,1.38153,1.3818,1.07,1.00
2016.05.24 23:59:34.762,1.38151,1.38179,1.07,1.00
2016.05.24 23:59:35.911,1.3815,1.3818,3.00,1.10
2016.05.24 23:59:36.214,1.38151,1.38178,1.07,1.00
2016.05.24 23:59:36.315,1.38153,1.38183,1.07,1.07
2016.05.24 23:59:37.405,1.38155,1.38182,1.07,1.10
2016.05.24 23:59:37.807,1.38155,1.38179,1.07,1.00
2016.05.24 23:59:40.459,1.38155,1.38184,1.07,1.07
2016.05.24 23:59:40.560,1.38158,1.38185,1.00,1.07
2016.05.24 23:59:40.611,1.38158,1.38187,1.00,1.00
2016.05.24 23:59:40.662,1.3816,1.38187,1.00,1.00
2016.05.24 23:59:40.713,1.3816,1.38191,1.57,1.00
2016.05.24 23:59:40.814,1.38163,1.3819,1.00,1.00
2016.05.24 23:59:41.362,1.38162,1.38189,1.00,1.00
2016.05.24 23:59:41.891,1.38162,1.3819,1.00,1.00
2016.05.24 23:59:43.032,1.38162,1.38189,1.00,1.00
2016.05.24 23:59:43.960,1.38163,1.38189,1.00,1.00
2016.05.24 23:59:44.419,1.38162,1.38187,1.50,1.12
2016.05.24 23:59:44.571,1.38151,1.38177,1.00,1.50
2016.05.24 23:59:44.622,1.3816,1.38177,1.00,1.50
2016.05.24 23:59:44.724,1.38161,1.38189,1.00,1.50
2016.05.24 23:59:44.825,1.38159,1.3819,1.50,1.07
2016.05.24 23:59:45.412,1.38157,1.38192,1.07,1.12
2016.05.24 23:59:45.772,1.38158,1.38191,1.50,1.00
2016.05.24 23:59:46.285,1.38158,1.38192,1.00,1.00
2016.05.24 23:59:47.907,1.38157,1.38192,1.00,1.00
2016.05.24 23:59:47.958,1.38151,1.38191,1.00,1.00
2016.05.24 23:59:48.059,1.3815,1.38188,1.00,1.00
2016.05.24 23:59:48.261,1.38143,1.38187,1.57,2.25
2016.05.24 23:59:48.312,1.38142,1.38183,1.07,1.00
2016.05.24 23:59:48.648,1.38145,1.38179,1.00,1.00
2016.05.24 23:59:49.258,1.38145,1.38178,1.00,1.00
2016.05.24 23:59:49.591,1.38145,1.38175,1.00,1.00
2016.05.24 23:59:50.141,1.38145,1.38177,1.00,1.00
2016.05.24 23:59:50.293,1.38145,1.38181,1.00,1.00
2016.05.24 23:59:50.344,1.38147,1.38181,1.00,1.00
2016.05.24 23:59:50.895,1.38147,1.3818,1.00,1.00
2016.05.24 23:59:51.539,1.38146,1.3818,1.00,1.00
2016.05.24 23:59:56.343,1.38147,1.3818,1.00,1.00
2016.05.24 23:59:57.934,1.38146,1.3818,1.00,1.00
2016.05.24 23:59:58.485,1.38147,1.3818,1.00,1.00
2016.05.24 23:59:59.937,1.38146,1.3818,1.00,1.00
