2012.11.01 11:00:10.417,1.22032,1.22052,1.50,1.50
2012.11.01 11:00:10.548,1.22028,1.22052,2.25,2.25
2012.11.01 11:00:34.429,1.22027,1.2205,1.73,1.50
2012.11.01 11:00:35.045,1.22023,1.22047,2.25,1.50
2012.11.01 11:00:53.526,1.22023,1.22048,1.50,2.25
2012.11.01 11:00:53.587,1.22022,1.22042,2.25,1.50
2012.11.01 11:00:54.576,1.22019,1.22041,3.75,1.50
2012.11.01 11:01:19.935,1.22018,1.22037,1.73,1.50
2012.11.01 11:01:19.996,1.22018,1.22037,1.73,1.50
2012.11.01 11:01:24.426,1.22018,1.22037,1.50,1.73
2012.11.01 11:01:24.487,1.22019,1.22041,2.25,3.75
2012.11.01 11:01:25.189,1.22019,1.22041,2.25,1.50
2012.11.01 11:01:42.692,1.22018,1.22042,3.00,2.25
2012.11.01 11:01:43.217,1.22018,1.22042,3.00,2.25
2012.11.01 11:01:48.355,1.22018,1.22042,3.00,2.25
2012.11.01 11:01:48.475,1.22024,1.22046,2.25,1.50
2012.11.01 11:01:55.616,1.22024,1.22046,1.50,2.25
2012.11.01 11:01:55.676,1.22023,1.22045,1.50,1.50
2012.11.01 11:01:56.591,1.22019,1.22042,1.50,2.48
2012.11.01 11:02:05.557,1.22022,1.22044,1.50,1.73
2012.11.01 11:02:05.616,1.22023,1.22045,1.50,2.48
2012.11.01 11:02:05.996,1.22024,1.22046,2.25,2.25
2012.11.01 11:02:06.527,1.22024,1.22046,2.25,1.50
2012.11.01 11:02:08.301,1.22024,1.22046,1.50,1.50
2012.11.01 11:02:08.386,1.22024,1.22046,1.50,1.73
2012.11.01 11:02:08.506,1.22022,1.22042,1.50,2.48
2012.11.01 11:02:12.516,1.22018,1.22042,3.23,2.48
2012.11.01 11:02:16.252,1.22018,1.22042,3.23,2.48
2012.11.01 11:03:21.206,1.22019,1.22043,2.25,1.13
2012.11.01 11:03:22.500,1.22019,1.22042,2.25,1.13
2012.11.01 11:03:36.342,1.22019,1.22041,1.50,1.65
2012.11.01 11:03:36.869,1.22014,1.22037,1.09,1.65
2012.11.01 11:03:45.340,1.22014,1.22037,1.09,1.65
2012.11.01 11:03:46.036,1.22019,1.22042,2.25,1.13
2012.11.01 11:04:15.718,1.22017,1.22037,1.50,1.13
2012.11.01 11:04:15.778,1.22014,1.22036,2.25,1.65
2012.11.01 11:04:18.608,1.22014,1.22036,2.25,1.65
2012.11.01 11:04:19.598,1.22018,1.2204,2.25,1.65
2012.11.01 11:04:27.936,1.22018,1.22038,2.25,1.13
2012.11.01 11:04:30.816,1.22014,1.22037,1.09,2.40
2012.11.01 11:04:31.334,1.22019,1.2204,2.25,2.40
2012.11.01 11:04:35.447,1.22018,1.22039,1.50,1.65
2012.11.01 11:04:35.510,1.22018,1.22038,1.50,1.88
2012.11.01 11:04:35.578,1.22018,1.22038,1.50,1.88
2012.11.01 11:04:36.115,1.22019,1.22039,1.50,1.65
2012.11.01 11:04:36.715,1.22018,1.22043,2.25,2.63
2012.11.01 11:04:48.626,1.22019,1.22037,1.50,1.65
2012.11.01 11:04:48.686,1.22017,1.22037,1.73,1.65
2012.11.01 11:04:48.745,1.22016,1.22037,1.50,2.63
2012.11.01 11:05:04.187,1.22014,1.22035,1.09,1.50
2012.11.01 11:05:04.248,1.22013,1.22032,2.07,1.50
2012.11.01 11:05:04.880,1.22008,1.22032,3.27,1.73
2012.11.01 11:07:41.377,1.22009,1.22031,2.29,1.50
2012.11.01 11:08:17.874,1.22008,1.22032,2.52,1.73
2012.11.01 11:08:46.426,1.22008,1.22032,2.52,3.23
2012.11.01 11:09:02.395,1.22008,1.22032,3.27,2.48
2012.11.01 11:09:32.159,1.22012,1.22032,1.54,1.73
2012.11.01 11:09:32.487,1.22013,1.22032,1.02,1.50
2012.11.01 11:09:33.033,1.22018,1.22037,1.73,1.50
2012.11.01 11:09:33.108,1.22018,1.22041,1.73,2.25
2012.11.01 11:09:33.261,1.22018,1.22041,1.73,1.50
2012.11.01 11:09:37.550,1.22018,1.22042,2.16,2.48
2012.11.01 11:09:56.957,1.22019,1.22041,1.94,3.23
2012.11.01 11:09:57.261,1.22014,1.22032,1.19,1.73
2012.11.01 11:09:59.820,1.2201,1.22032,1.94,2.48
2012.11.01 11:10:00.633,1.22015,1.22036,1.19,1.50
2012.11.01 11:10:05.618,1.22014,1.22036,1.94,2.25
2012.11.01 11:10:05.739,1.22011,1.22031,1.19,1.50
2012.11.01 11:10:10.458,1.22009,1.22031,2.29,1.50
2012.11.01 11:10:32.081,1.22009,1.22031,2.29,2.03
2012.11.01 11:10:32.256,1.22009,1.22026,1.50,1.28
2012.11.01 11:10:32.447,1.22009,1.22025,2.25,1.05
2012.11.01 11:10:34.377,1.22005,1.22025,1.73,1.05
2012.11.01 11:10:35.088,1.22006,1.22025,2.25,1.13
2012.11.01 11:10:41.798,1.22006,1.22027,2.25,3.08
2012.11.01 11:10:42.384,1.22009,1.22029,1.50,1.28
2012.11.01 11:10:42.769,1.22005,1.22026,2.25,2.55
2012.11.01 11:10:43.789,1.22005,1.22026,2.25,2.63
2012.11.01 11:10:45.057,1.22006,1.22025,2.25,1.20
2012.11.01 11:10:48.737,1.22005,1.22026,2.25,1.20
2012.11.01 11:10:48.856,1.22005,1.22026,3.00,1.20
2012.11.01 11:10:55.304,1.22004,1.22025,3.00,1.20
2012.11.01 11:11:09.397,1.22004,1.22026,3.23,1.50
2012.11.01 11:11:09.827,1.22013,1.22025,1.50,1.05
2012.11.01 11:11:10.367,1.22009,1.22026,1.50,1.05
2012.11.01 11:11:10.607,1.22005,1.22026,1.50,2.55
2012.11.01 11:11:11.494,1.22005,1.22026,1.50,2.70
2012.11.01 11:11:19.704,1.22005,1.22026,1.50,2.70
2012.11.01 11:11:43.543,1.22004,1.22025,4.50,1.20
2012.11.01 11:11:43.759,1.22004,1.22026,3.75,2.70
2012.11.01 11:11:49.776,1.22007,1.22029,3.73,1.73
2012.11.01 11:11:50.500,1.22008,1.22028,2.76,2.33
2012.11.01 11:11:51.422,1.22008,1.22026,3.51,1.05
2012.11.01 11:11:51.946,1.22008,1.22026,2.76,1.20
2012.11.01 11:12:04.677,1.22005,1.22026,2.25,1.20
2012.11.01 11:12:05.112,1.22007,1.22026,1.13,1.20
2012.11.01 11:12:05.318,1.22006,1.22026,1.50,1.20
2012.11.01 11:12:05.787,1.22005,1.22027,3.00,2.48
2012.11.01 11:12:05.847,1.22008,1.22027,1.50,1.73
2012.11.01 11:12:06.148,1.22014,1.22035,2.25,1.50
2012.11.01 11:12:06.273,1.22009,1.22031,3.00,2.25
2012.11.01 11:12:06.410,1.22009,1.22031,2.25,2.25
2012.11.01 11:12:06.527,1.22013,1.22033,1.50,1.73
2012.11.01 11:12:06.647,1.22013,1.22035,2.25,1.50
2012.11.01 11:12:48.460,1.22013,1.22035,2.25,1.50
2012.11.01 11:12:48.579,1.22009,1.22031,2.25,1.50
2012.11.01 11:12:48.638,1.22009,1.22031,1.50,1.50
2012.11.01 11:12:51.680,1.22008,1.22032,2.25,1.50
2012.11.01 11:12:52.178,1.22005,1.22027,1.50,1.50
2012.11.01 11:12:53.068,1.22003,1.22027,2.25,1.50
2012.11.01 11:13:53.188,1.22003,1.22027,1.50,1.50
2012.11.01 11:14:20.164,1.22003,1.22027,2.25,1.50
2012.11.01 11:14:20.467,1.22009,1.22031,1.50,2.25
2012.11.01 11:14:20.527,1.22009,1.22031,1.50,1.50
2012.11.01 11:14:34.652,1.22008,1.22032,2.25,2.25
2012.11.01 11:14:34.867,1.22008,1.22029,1.50,1.50
2012.11.01 11:14:35.298,1.22005,1.22027,1.50,1.50
2012.11.01 11:14:42.541,1.22003,1.22027,2.25,1.50
2012.11.01 11:14:45.637,1.22005,1.22027,1.50,1.50
2012.11.01 11:14:45.757,1.22009,1.22031,2.25,1.50
2012.11.01 11:15:19.968,1.22009,1.22031,1.50,1.50
2012.11.01 11:15:41.070,1.2201,1.22031,2.25,1.50
2012.11.01 11:15:41.197,1.22013,1.22035,1.50,2.25
2012.11.01 11:15:41.938,1.22014,1.22036,1.50,2.25
2012.11.01 11:15:42.505,1.22014,1.22036,1.50,2.25
2012.11.01 11:15:45.397,1.22014,1.22036,1.50,2.25
2012.11.01 11:15:45.658,1.22009,1.22031,1.50,1.50
2012.11.01 11:17:58.484,1.2201,1.22031,1.58,1.50
2012.11.01 11:18:07.576,1.2201,1.22031,1.50,1.50
2012.11.01 11:18:08.478,1.2201,1.22031,1.58,1.50
2012.11.01 11:18:17.477,1.2201,1.22031,1.58,1.50
2012.11.01 11:18:17.536,1.2201,1.22031,1.50,1.50
2012.11.01 11:18:17.987,1.22013,1.22037,1.50,2.25
2012.11.01 11:18:18.505,1.22013,1.22037,2.40,3.00
2012.11.01 11:18:24.119,1.22017,1.22039,1.88,2.25
2012.11.01 11:18:24.189,1.22019,1.22039,1.65,1.50
2012.11.01 11:18:25.017,1.22019,1.22039,1.50,1.50
2012.11.01 11:18:25.477,1.22023,1.22042,1.73,1.50
2012.11.01 11:18:25.717,1.22023,1.22044,2.48,1.50
2012.11.01 11:18:25.989,1.22023,1.22044,2.55,1.50
2012.11.01 11:18:26.467,1.22023,1.22048,2.63,2.48
2012.11.01 11:18:27.468,1.22023,1.22044,1.80,1.50
2012.11.01 11:18:27.816,1.22023,1.22044,1.73,1.50
2012.11.01 11:18:28.139,1.2202,1.22036,2.48,1.50
2012.11.01 11:18:28.627,1.22018,1.22036,1.50,2.25
2012.11.01 11:18:28.932,1.22012,1.22031,2.33,1.50
2012.11.01 11:18:29.113,1.22011,1.22031,1.58,1.50
2012.11.01 11:18:30.626,1.22011,1.22031,1.50,1.50
2012.11.01 11:18:52.296,1.22009,1.22032,2.25,2.25
2012.11.01 11:19:06.638,1.22009,1.22031,3.00,1.50
2012.11.01 11:19:06.715,1.22009,1.22031,2.25,1.50
2012.11.01 11:19:40.931,1.22008,1.22032,1.50,1.50
2012.11.01 11:19:42.164,1.22009,1.22032,1.50,1.50
2012.11.01 11:19:45.207,1.2201,1.22032,1.50,1.50
2012.11.01 11:19:45.387,1.22013,1.22037,2.25,2.25
2012.11.01 11:19:48.393,1.22013,1.22037,3.00,2.25
2012.11.01 11:19:48.890,1.22019,1.22041,1.50,3.75
2012.11.01 11:19:49.484,1.22019,1.22041,1.50,3.75
2012.11.01 11:19:50.478,1.22015,1.22036,1.73,1.50
2012.11.01 11:19:50.997,1.22014,1.22036,2.25,1.50
2012.11.01 11:19:51.388,1.22012,1.22032,1.50,1.50
2012.11.01 11:19:51.567,1.22009,1.22032,2.25,2.25
2012.11.01 11:19:52.169,1.22009,1.22032,2.25,2.25
2012.11.01 11:20:12.179,1.22013,1.22038,1.50,2.25
2012.11.01 11:20:12.677,1.22014,1.22036,1.50,1.50
2012.11.01 11:20:23.916,1.22014,1.22036,1.50,2.25
2012.11.01 11:20:24.354,1.2201,1.22031,1.50,1.50
2012.11.01 11:20:53.376,1.22009,1.22032,2.25,1.50
2012.11.01 11:20:53.627,1.22005,1.22027,2.25,1.73
2012.11.01 11:20:54.712,1.22005,1.22027,1.50,1.73
2012.11.01 11:21:02.592,1.22005,1.22027,1.50,1.73
2012.11.01 11:21:05.447,1.22005,1.22027,1.50,1.73
2012.11.01 11:21:05.960,1.22009,1.22031,1.50,1.50
2012.11.01 11:21:06.628,1.22009,1.22032,1.50,2.25
2012.11.01 11:22:00.167,1.22012,1.22032,1.73,1.50
2012.11.01 11:22:00.552,1.22013,1.22037,1.73,2.48
2012.11.01 11:23:00.848,1.22013,1.22037,1.73,1.73
2012.11.01 11:23:16.646,1.22013,1.22037,1.73,2.48
2012.11.01 11:23:22.908,1.22013,1.22037,1.50,2.48
2012.11.01 11:23:23.267,1.22013,1.22032,1.50,1.73
2012.11.01 11:23:23.387,1.22003,1.22027,2.25,1.50
2012.11.01 11:24:23.218,1.22003,1.22027,1.50,1.50
2012.11.01 11:25:09.372,1.22003,1.22027,2.25,1.50
2012.11.01 11:25:09.942,1.22009,1.22028,1.50,1.50
2012.11.01 11:25:10.007,1.22009,1.22032,1.50,3.00
2012.11.01 11:27:03.639,1.22009,1.22031,3.00,1.50
2012.11.01 11:27:25.112,1.2201,1.22031,1.50,1.50
2012.11.01 11:27:25.358,1.22014,1.22036,1.50,3.23
2012.11.01 11:27:25.558,1.22014,1.22036,1.73,3.00
2012.11.01 11:27:25.767,1.22009,1.22032,2.48,3.00
2012.11.01 11:27:27.377,1.2201,1.22032,1.73,2.25
2012.11.01 11:27:27.437,1.22014,1.22036,2.25,3.23
2012.11.01 11:27:27.998,1.22014,1.22036,2.25,2.25
2012.11.01 11:27:31.058,1.22014,1.22036,2.25,1.50
2012.11.01 11:27:31.298,1.22023,1.22046,2.48,2.25
2012.11.01 11:27:31.418,1.22023,1.22045,2.48,1.50
2012.11.01 11:27:31.717,1.22017,1.22039,1.50,1.50
2012.11.01 11:27:31.778,1.22019,1.22041,1.73,3.00
2012.11.01 11:27:32.039,1.22019,1.22041,1.73,2.25
2012.11.01 11:27:33.027,1.2202,1.22041,1.73,1.50
2012.11.01 11:27:33.350,1.22022,1.22043,1.73,1.50
2012.11.01 11:27:34.244,1.22024,1.22046,1.73,4.50
2012.11.01 11:27:34.592,1.22024,1.22046,1.73,3.75
2012.11.01 11:27:50.897,1.22021,1.22042,1.73,3.00
2012.11.01 11:27:51.017,1.22019,1.22042,1.73,3.00
2012.11.01 11:27:51.168,1.22018,1.22042,2.48,3.00
2012.11.01 11:27:51.467,1.22019,1.22041,1.73,3.00
2012.11.01 11:27:51.528,1.22017,1.22041,2.48,1.50
2012.11.01 11:27:51.707,1.22019,1.22041,1.73,3.00
2012.11.01 11:27:53.918,1.22023,1.22043,1.50,1.50
2012.11.01 11:27:54.158,1.22023,1.22046,1.73,2.25
2012.11.01 11:27:54.388,1.22023,1.22045,1.73,1.50
2012.11.01 11:27:54.508,1.22018,1.22042,3.23,3.00
2012.11.01 11:27:54.567,1.22018,1.22042,3.23,3.75
2012.11.01 11:27:55.328,1.22018,1.22042,3.23,3.00
2012.11.01 11:28:08.315,1.22018,1.22042,3.23,2.25
2012.11.01 11:28:08.557,1.22023,1.22045,3.23,1.50
2012.11.01 11:28:37.459,1.22021,1.22042,1.73,1.50
2012.11.01 11:28:38.048,1.22019,1.22042,2.48,2.25
2012.11.01 11:28:38.107,1.22019,1.22041,3.23,2.25
2012.11.01 11:28:38.228,1.22015,1.22036,1.73,1.50
2012.11.01 11:28:38.688,1.22014,1.22036,2.25,1.50
2012.11.01 11:28:39.888,1.22014,1.22036,2.25,1.50
2012.11.01 11:28:40.068,1.22019,1.22041,1.73,3.75
2012.11.01 11:28:45.408,1.22023,1.22043,2.48,1.50
2012.11.01 11:28:45.587,1.22023,1.22045,2.48,1.50
2012.11.01 11:28:58.778,1.22023,1.22045,2.63,1.50
2012.11.01 11:29:16.367,1.22024,1.22046,1.88,3.00
2012.11.01 11:29:16.727,1.22018,1.22037,1.13,1.50
2012.11.01 11:29:17.087,1.22019,1.22041,1.13,1.50
2012.11.01 11:29:17.627,1.22019,1.22042,1.05,3.00
2012.11.01 11:29:17.978,1.22018,1.22042,3.23,3.00
2012.11.01 11:29:18.511,1.22021,1.22042,1.73,2.25
2012.11.01 11:29:18.818,1.22023,1.22046,3.23,1.50
2012.11.01 11:29:20.682,1.22024,1.22046,1.80,2.25
2012.11.01 11:29:20.998,1.22024,1.22043,1.13,1.50
2012.11.01 11:29:21.568,1.22019,1.22041,3.38,2.25
2012.11.01 11:29:22.750,1.22019,1.22041,2.48,2.25
2012.11.01 11:29:22.919,1.22021,1.22041,1.50,1.50
2012.11.01 11:29:23.279,1.22016,1.22037,1.58,2.25
2012.11.01 11:29:23.338,1.22015,1.22037,1.80,2.25
2012.11.01 11:29:23.518,1.22015,1.22036,1.80,2.25
2012.11.01 11:29:24.183,1.22016,1.22035,1.58,1.50
2012.11.01 11:29:24.745,1.22021,1.22035,1.50,1.50
2012.11.01 11:29:25.091,1.22023,1.22042,1.73,1.13
2012.11.01 11:29:25.292,1.22023,1.22046,1.73,1.50
2012.11.01 11:29:27.458,1.22023,1.22046,1.88,1.50
2012.11.01 11:29:28.399,1.22023,1.22045,1.88,1.50
2012.11.01 11:29:29.174,1.2202,1.22042,1.13,2.25
2012.11.01 11:29:29.781,1.22018,1.22042,2.55,2.25
2012.11.01 11:29:30.794,1.22018,1.22042,2.48,2.25
2012.11.01 11:29:31.573,1.22018,1.22042,2.55,2.25
2012.11.01 11:29:32.418,1.2202,1.22042,1.13,2.25
2012.11.01 11:29:32.657,1.22024,1.22045,1.88,2.25
2012.11.01 11:29:32.917,1.22024,1.22044,1.65,1.50
2012.11.01 11:29:36.337,1.22023,1.22046,3.38,2.25
2012.11.01 11:29:37.157,1.22023,1.22046,3.23,2.25
2012.11.01 11:29:39.261,1.22023,1.22046,3.38,2.25
2012.11.01 11:29:39.879,1.22023,1.22045,2.63,1.50
2012.11.01 11:29:40.349,1.22019,1.22042,1.88,1.50
2012.11.01 11:29:41.079,1.2202,1.22042,1.13,2.25
2012.11.01 11:29:41.640,1.22018,1.22042,2.55,2.25
2012.11.01 11:29:41.735,1.22018,1.22042,2.48,2.25
2012.11.01 11:29:42.720,1.22018,1.22042,2.55,2.25
2012.11.01 11:29:44.109,1.2202,1.22042,1.13,2.25
2012.11.01 11:29:44.167,1.22023,1.22045,3.15,1.73
2012.11.01 11:29:45.216,1.22023,1.22045,2.55,1.50
2012.11.01 11:29:46.248,1.22024,1.22046,1.88,3.00
2012.11.01 11:29:51.287,1.22023,1.22046,2.40,2.48
2012.11.01 11:29:51.660,1.22018,1.22042,2.48,2.25
2012.11.01 11:30:47.958,1.22018,1.22037,1.73,1.50
2012.11.01 11:30:48.228,1.22014,1.22037,1.73,3.00
2012.11.01 11:31:27.896,1.22013,1.22037,3.23,3.00
2012.11.01 11:31:28.020,1.22018,1.22041,1.73,1.50
2012.11.01 11:31:28.734,1.22018,1.22042,1.73,2.25
2012.11.01 11:32:28.882,1.22018,1.22042,2.48,2.25
2012.11.01 11:34:30.447,1.22018,1.22043,1.73,1.50
2012.11.01 11:34:30.818,1.22024,1.22046,1.50,3.98
2012.11.01 11:34:34.621,1.22023,1.22046,3.23,1.50
2012.11.01 11:34:35.038,1.22025,1.22046,1.50,2.25
2012.11.01 11:34:46.278,1.22024,1.22042,1.73,1.50
2012.11.01 11:34:46.518,1.22024,1.22046,1.50,3.23
2012.11.01 11:34:47.379,1.22024,1.22046,1.73,3.00
2012.11.01 11:35:09.948,1.22024,1.22046,1.50,3.23
2012.11.01 11:35:10.068,1.22019,1.22041,2.48,1.50
2012.11.01 11:35:10.134,1.2202,1.22042,1.50,1.50
2012.11.01 11:35:10.328,1.22024,1.22046,1.73,2.63
2012.11.01 11:35:33.872,1.22023,1.22046,2.48,1.88
2012.11.01 11:35:47.148,1.22023,1.22047,3.23,2.25
2012.11.01 11:35:55.702,1.22024,1.22046,1.73,1.50
2012.11.01 11:35:55.828,1.22025,1.22046,2.48,1.50
2012.11.01 11:35:55.889,1.22025,1.22046,2.48,1.50
2012.11.01 11:35:56.198,1.22025,1.22046,2.48,1.50
2012.11.01 11:35:56.768,1.22028,1.2205,1.73,1.50
2012.11.01 11:35:56.888,1.22028,1.22051,2.48,1.50
2012.11.01 11:36:21.750,1.22028,1.2205,2.48,1.50
2012.11.01 11:36:22.433,1.22028,1.22048,1.50,1.50
2012.11.01 11:36:22.566,1.22024,1.22046,3.98,1.50
2012.11.01 11:36:23.699,1.22024,1.22048,1.73,2.25
2012.11.01 11:36:23.879,1.2202,1.22041,2.48,1.50
2012.11.01 11:36:44.399,1.22019,1.22042,1.73,2.25
2012.11.01 11:36:57.770,1.22019,1.22042,1.73,1.50
2012.11.01 11:36:58.539,1.22023,1.22046,2.25,1.50
2012.11.01 11:36:59.427,1.22023,1.22047,2.25,2.25
2012.11.01 11:37:10.240,1.2202,1.22041,1.73,1.50
2012.11.01 11:37:10.830,1.22019,1.22041,3.98,1.50
2012.11.01 11:37:52.376,1.2202,1.22042,1.73,3.00
2012.11.01 11:37:52.558,1.22029,1.22051,1.73,2.25
2012.11.01 11:37:52.618,1.22029,1.22051,1.73,2.25
2012.11.01 11:39:42.099,1.22029,1.22051,1.73,3.00
2012.11.01 11:40:37.055,1.22029,1.22051,1.73,3.00
2012.11.01 11:40:47.710,1.22028,1.22051,1.73,1.50
2012.11.01 11:40:47.986,1.22028,1.22049,1.73,1.50
2012.11.01 11:40:48.409,1.22021,1.22046,3.23,1.50
2012.11.01 11:40:48.468,1.22024,1.22046,1.50,2.25
2012.11.01 11:40:48.739,1.2202,1.22041,2.48,1.50
2012.11.01 11:40:48.807,1.2202,1.22042,2.48,1.50
2012.11.01 11:40:48.950,1.2202,1.22041,2.48,1.50
2012.11.01 11:42:22.574,1.2202,1.22041,1.73,2.25
2012.11.01 11:43:22.965,1.22019,1.22042,1.73,1.50
2012.11.01 11:43:25.649,1.22019,1.22037,1.73,1.50
2012.11.01 11:43:26.008,1.22018,1.22042,3.98,3.00
2012.11.01 11:43:26.068,1.22018,1.22042,3.23,3.00
2012.11.01 11:43:26.249,1.22015,1.22036,1.50,2.25
2012.11.01 11:43:26.313,1.22015,1.22036,1.50,2.25
2012.11.01 11:43:27.010,1.22014,1.22037,1.73,2.25
2012.11.01 11:43:32.131,1.22014,1.22037,2.48,1.50
2012.11.01 11:43:32.580,1.22019,1.22041,1.73,2.25
2012.11.01 11:43:34.881,1.22018,1.2204,1.73,1.50
2012.11.01 11:43:35.622,1.22014,1.22036,3.23,1.50
2012.11.01 11:43:37.943,1.22014,1.22036,3.23,2.25
2012.11.01 11:43:38.280,1.22009,1.22029,1.73,1.50
2012.11.01 11:44:23.400,1.2201,1.22033,1.73,1.50
2012.11.01 11:44:23.520,1.22014,1.22036,1.73,2.25
2012.11.01 11:44:25.652,1.22013,1.22036,2.48,2.25
2012.11.01 11:44:26.309,1.22008,1.22027,2.48,1.20
2012.11.01 11:44:26.380,1.22008,1.22027,2.48,1.20
2012.11.01 11:44:39.512,1.22008,1.22032,1.73,2.25
2012.11.01 11:44:39.629,1.22008,1.22032,1.73,2.25
2012.11.01 11:45:13.169,1.22009,1.22031,3.23,1.50
2012.11.01 11:45:13.230,1.22011,1.22033,1.50,1.50
2012.11.01 11:45:13.469,1.22014,1.22036,1.50,2.25
2012.11.01 11:45:25.179,1.22014,1.22033,1.50,1.50
2012.11.01 11:45:25.656,1.22008,1.22032,2.48,2.25
2012.11.01 11:46:25.541,1.22008,1.22032,1.73,1.50
2012.11.01 11:47:08.729,1.22009,1.22031,1.73,1.50
2012.11.01 11:47:25.330,1.22009,1.22031,1.73,2.25
2012.11.01 11:47:26.106,1.22008,1.22029,1.73,1.50
2012.11.01 11:47:39.871,1.22008,1.22032,2.48,1.50
2012.11.01 11:47:39.989,1.22011,1.22032,1.73,1.50
2012.11.01 11:47:40.560,1.22013,1.22033,1.73,1.50
2012.11.01 11:47:56.620,1.22013,1.22036,1.73,1.50
2012.11.01 11:47:56.739,1.22019,1.22041,3.23,2.25
2012.11.01 11:47:56.920,1.22024,1.22043,1.73,1.50
2012.11.01 11:47:56.980,1.22024,1.22046,1.73,4.50
2012.11.01 11:48:57.354,1.22023,1.22047,2.48,2.25
2012.11.01 11:49:37.899,1.22022,1.22046,1.73,1.50
2012.11.01 11:49:38.245,1.22028,1.22048,1.73,1.50
2012.11.01 11:50:03.190,1.22028,1.22047,1.73,1.50
2012.11.01 11:50:03.873,1.22024,1.22047,1.73,3.00
2012.11.01 11:50:20.091,1.22024,1.22046,2.48,2.25
2012.11.01 11:50:20.252,1.22026,1.22047,1.50,2.25
2012.11.01 11:50:20.351,1.22023,1.22047,3.23,3.00
2012.11.01 11:50:21.628,1.22023,1.22047,2.48,3.00
2012.11.01 11:50:22.750,1.22028,1.22047,1.50,1.50
2012.11.01 11:50:23.270,1.22028,1.22047,1.73,1.50
2012.11.01 11:51:06.591,1.22028,1.22051,1.73,1.50
2012.11.01 11:52:07.725,1.22028,1.22052,2.48,1.50
2012.11.01 11:52:16.881,1.22029,1.22051,1.73,1.50
2012.11.01 11:52:17.089,1.22029,1.22051,1.73,2.25
2012.11.01 11:52:17.391,1.22025,1.22047,1.73,1.50
2012.11.01 11:52:18.190,1.22025,1.22047,1.73,2.25
2012.11.01 11:52:50.701,1.22025,1.22047,2.48,2.25
2012.11.01 11:52:50.762,1.22028,1.22049,1.50,1.50
2012.11.01 11:52:50.821,1.22028,1.22052,2.25,3.23
2012.11.01 11:52:50.881,1.22028,1.22052,2.48,3.00
2012.11.01 11:53:51.376,1.22028,1.22052,3.23,2.25
2012.11.01 11:55:06.115,1.22028,1.22052,2.48,3.00
2012.11.01 11:55:06.462,1.22028,1.22046,1.50,1.50
2012.11.01 11:55:06.821,1.22024,1.22046,1.73,3.75
2012.11.01 11:55:07.022,1.22019,1.22041,2.48,2.25
2012.11.01 11:55:07.379,1.22019,1.22041,1.73,2.25
2012.11.01 11:55:07.562,1.22013,1.22037,2.48,2.25
2012.11.01 11:55:32.551,1.22013,1.22037,1.73,2.25
2012.11.01 11:56:15.743,1.22015,1.22037,1.50,1.50
2012.11.01 11:56:16.063,1.22019,1.22041,1.73,2.25
2012.11.01 11:56:21.733,1.22019,1.22043,1.73,1.50
2012.11.01 11:56:22.032,1.22019,1.22041,3.23,1.50
2012.11.01 11:56:22.861,1.22018,1.22042,3.98,3.00
2012.11.01 11:56:23.934,1.22018,1.22042,3.98,3.00
2012.11.01 11:56:23.993,1.22024,1.22046,1.50,2.25
2012.11.01 11:56:39.041,1.22024,1.22046,1.65,1.50
2012.11.01 11:56:48.093,1.22024,1.22046,1.50,1.50
2012.11.01 11:56:49.002,1.22024,1.22046,1.58,1.50
2012.11.01 11:56:49.636,1.22024,1.22046,1.65,1.50
2012.11.01 11:56:57.912,1.22024,1.22046,1.58,1.50
2012.11.01 11:56:58.191,1.22029,1.22049,1.50,2.25
2012.11.01 11:56:58.752,1.22028,1.22052,2.48,3.00
2012.11.01 11:57:08.922,1.22028,1.22051,1.80,2.25
2012.11.01 11:57:17.971,1.22028,1.22051,1.73,2.25
2012.11.01 11:57:18.161,1.22034,1.22054,1.50,1.50
2012.11.01 11:57:19.021,1.22034,1.22055,1.80,3.00
2012.11.01 11:57:19.370,1.22034,1.22056,1.88,2.59
2012.11.01 11:57:28.001,1.22034,1.22054,1.73,1.50
2012.11.01 11:57:28.776,1.22034,1.22052,1.73,1.20
2012.11.01 11:57:29.357,1.22034,1.22053,1.73,1.20
2012.11.01 11:57:31.862,1.22034,1.22055,1.73,3.75
2012.11.01 11:57:37.941,1.22034,1.22055,1.73,3.75
2012.11.01 11:57:38.002,1.22034,1.22054,1.73,1.50
2012.11.01 11:57:38.061,1.22034,1.22053,1.73,1.50
2012.11.01 11:57:38.393,1.22023,1.22047,2.55,1.50
2012.11.01 11:57:38.453,1.22023,1.22047,3.30,1.50
2012.11.01 11:57:38.751,1.22024,1.22046,1.58,1.50
2012.11.01 11:58:36.714,1.22021,1.22044,1.73,2.40
2012.11.01 11:58:36.933,1.22024,1.22046,1.50,1.50
2012.11.01 11:59:39.661,1.2202,1.22046,1.73,1.50
2012.11.01 11:59:39.862,1.22019,1.22043,2.48,1.50
2012.11.01 11:59:59.513,1.22018,1.22045,1.73,2.48
2012.11.01 11:59:59.697,1.22022,1.22045,1.50,1.73
2012.11.01 11:59:59.767,1.2202,1.22045,1.73,2.48
2012.11.01 11:59:59.907,1.22018,1.22043,1.73,1.50
