2018.03.26 18:00:00.026,1.30937,1.30953,1.50,1.00
2018.03.26 18:00:01.153,1.30937,1.30952,1.50,1.00
2018.03.26 18:00:07.201,1.30937,1.30951,1.00,1.00
2018.03.26 18:00:07.252,1.30933,1.30949,1.12,1.00
2018.03.26 18:00:07.354,1.30931,1.30948,1.87,1.00
2018.03.26 18:00:08.409,1.30931,1.30947,1.50,1.00
2018.03.26 18:00:14.334,1.30931,1.30947,3.19,1.00
2018.03.26 18:00:14.840,1.30931,1.30947,3.19,1.00
2018.03.26 18:00:24.396,1.30931,1.30947,1.69,1.00
2018.03.26 18:00:24.495,1.30932,1.30949,1.31,1.00
2018.03.26 18:00:25.437,1.30932,1.30949,1.94,1.00
2018.03.26 18:00:27.180,1.30936,1.30949,1.00,1.00
2018.03.26 18:00:27.677,1.30931,1.30949,2.00,1.00
2018.03.26 18:00:28.774,1.3093,1.30949,2.44,1.00
2018.03.26 18:00:30.833,1.30932,1.30949,2.44,1.00
2018.03.26 18:00:31.369,1.30933,1.3095,1.94,1.00
2018.03.26 18:00:31.909,1.30934,1.3095,1.69,1.00
2018.03.26 18:00:32.455,1.30937,1.3095,1.00,1.00
2018.03.26 18:00:37.017,1.30935,1.3095,1.12,1.00
2018.03.26 18:00:39.487,1.30931,1.3095,3.19,1.00
2018.03.26 18:00:39.538,1.30931,1.30948,3.19,1.00
2018.03.26 18:00:48.662,1.30931,1.30948,2.06,1.00
2018.03.26 18:00:49.943,1.30931,1.30948,2.06,1.00
2018.03.26 18:00:50.689,1.3093,1.30948,2.25,1.00
2018.03.26 18:00:51.802,1.3093,1.30948,1.31,1.12
2018.03.26 18:00:53.826,1.3093,1.30945,1.31,1.00
2018.03.26 18:01:00.472,1.30928,1.30945,1.31,1.00
2018.03.26 18:01:02.077,1.30928,1.30945,2.06,1.00
2018.03.26 18:01:02.598,1.30928,1.30945,2.06,1.00
2018.03.26 18:01:03.038,1.30931,1.30945,1.00,1.00
2018.03.26 18:01:14.870,1.30931,1.30948,1.00,1.00
2018.03.26 18:01:17.284,1.30931,1.30948,1.50,1.00
2018.03.26 18:01:17.824,1.30931,1.30948,1.75,1.00
2018.03.26 18:01:22.439,1.30931,1.30948,1.50,1.00
2018.03.26 18:01:24.617,1.30931,1.30948,1.25,1.00
2018.03.26 18:01:28.392,1.30931,1.30947,1.00,1.00
2018.03.26 18:01:29.593,1.3093,1.30944,1.00,1.00
2018.03.26 18:01:29.696,1.30927,1.30944,3.19,1.00
2018.03.26 18:01:30.207,1.30928,1.30944,1.25,1.00
2018.03.26 18:01:30.725,1.30927,1.30944,1.12,1.00
2018.03.26 18:01:33.385,1.30927,1.30944,1.50,1.00
2018.03.26 18:01:34.350,1.30927,1.30944,1.12,1.00
2018.03.26 18:01:35.549,1.30927,1.30943,1.12,1.00
2018.03.26 18:01:41.974,1.30927,1.30943,3.19,1.00
2018.03.26 18:01:45.241,1.30927,1.30943,1.25,1.00
2018.03.26 18:01:45.981,1.30927,1.30942,1.00,1.00
2018.03.26 18:01:48.023,1.30926,1.30942,1.00,1.00
2018.03.26 18:01:58.295,1.30926,1.30941,1.31,1.00
2018.03.26 18:02:34.518,1.30923,1.30939,1.69,1.00
2018.03.26 18:02:34.851,1.30923,1.30937,1.25,1.00
2018.03.26 18:02:35.603,1.30922,1.30937,1.25,1.00
2018.03.26 18:02:36.132,1.30923,1.30937,1.00,1.00
2018.03.26 18:02:37.656,1.30922,1.30937,1.00,1.00
2018.03.26 18:02:42.415,1.30923,1.30937,1.25,1.00
2018.03.26 18:02:43.903,1.30922,1.30937,1.25,1.00
2018.03.26 18:02:45.918,1.30921,1.30937,2.62,1.00
2018.03.26 18:02:54.533,1.30923,1.30937,1.25,1.00
2018.03.26 18:02:55.315,1.30922,1.30937,1.25,1.00
2018.03.26 18:02:55.826,1.30923,1.30936,1.25,1.00
2018.03.26 18:02:56.740,1.30921,1.30936,1.87,1.00
2018.03.26 18:02:58.295,1.30921,1.30933,1.00,1.00
2018.03.26 18:02:58.346,1.30917,1.30931,1.12,1.00
2018.03.26 18:03:03.449,1.30916,1.30932,2.25,1.00
2018.03.26 18:03:04.226,1.30915,1.30931,3.00,1.00
2018.03.26 18:03:05.162,1.30915,1.30931,2.25,1.00
2018.03.26 18:03:45.351,1.30915,1.30932,1.50,1.00
2018.03.26 18:03:54.655,1.30915,1.3093,1.12,1.00
2018.03.26 18:03:54.999,1.30914,1.30928,1.87,1.00
2018.03.26 18:03:56.304,1.30914,1.3093,2.81,1.00
2018.03.26 18:03:58.020,1.30914,1.3093,3.19,1.00
2018.03.26 18:04:05.645,1.30916,1.30932,1.00,1.00
2018.03.26 18:04:13.115,1.30914,1.30929,2.25,1.00
2018.03.26 18:04:14.570,1.30914,1.30929,1.50,1.00
2018.03.26 18:04:15.145,1.30914,1.30928,1.00,1.00
2018.03.26 18:04:15.677,1.30913,1.30928,3.19,1.00
2018.03.26 18:04:17.459,1.30915,1.30928,1.00,1.00
2018.03.26 18:04:20.618,1.30912,1.30926,1.50,1.00
2018.03.26 18:04:20.721,1.3091,1.30926,1.00,1.50
2018.03.26 18:04:20.823,1.30912,1.30928,1.00,1.00
2018.03.26 18:04:23.203,1.30912,1.30928,1.19,1.00
2018.03.26 18:04:24.157,1.30912,1.30928,1.00,1.00
2018.03.26 18:04:28.485,1.30912,1.30928,1.69,1.00
2018.03.26 18:04:32.326,1.30912,1.30928,1.50,1.00
2018.03.26 18:04:32.428,1.30914,1.30928,1.00,1.00
2018.03.26 18:04:40.221,1.30913,1.30928,1.00,1.00
2018.03.26 18:04:46.206,1.30912,1.30927,1.50,1.00
2018.03.26 18:04:47.762,1.30912,1.30926,1.00,1.00
2018.03.26 18:04:48.345,1.30911,1.30926,1.50,1.00
2018.03.26 18:04:53.357,1.30911,1.30927,1.00,1.00
2018.03.26 18:04:56.435,1.30911,1.30927,1.69,1.00
2018.03.26 18:04:57.814,1.30911,1.30927,1.69,1.00
2018.03.26 18:04:59.699,1.30912,1.30927,1.00,1.00
2018.03.26 18:05:19.506,1.30911,1.30926,1.00,1.00
2018.03.26 18:05:19.609,1.30912,1.30928,1.00,1.00
2018.03.26 18:05:23.470,1.30911,1.30928,1.00,1.00
2018.03.26 18:05:28.064,1.30911,1.30925,1.00,1.00
2018.03.26 18:05:28.647,1.30912,1.30928,1.00,1.75
2018.03.26 18:05:29.663,1.30912,1.30928,1.00,1.00
2018.03.26 18:05:41.113,1.30912,1.30929,1.00,1.12
2018.03.26 18:05:55.354,1.30913,1.30928,1.00,1.00
2018.03.26 18:06:14.659,1.30911,1.30928,1.19,1.00
2018.03.26 18:06:15.361,1.30911,1.30928,1.31,1.00
2018.03.26 18:06:17.975,1.30912,1.30928,1.00,1.00
2018.03.26 18:06:24.517,1.30914,1.30928,1.00,1.00
2018.03.26 18:06:25.467,1.30912,1.30928,1.87,1.00
2018.03.26 18:06:41.815,1.30911,1.30926,1.69,1.00
2018.03.26 18:06:41.920,1.30905,1.3092,1.25,1.00
2018.03.26 18:06:41.972,1.30902,1.3092,2.25,1.00
2018.03.26 18:06:42.065,1.30901,1.30917,3.19,1.00
2018.03.26 18:06:42.116,1.309,1.30917,1.62,1.00
2018.03.26 18:06:42.744,1.30902,1.30917,1.00,1.00
2018.03.26 18:06:46.493,1.30901,1.30917,1.00,1.00
2018.03.26 18:06:48.247,1.30901,1.30915,1.00,1.00
2018.03.26 18:06:51.161,1.30901,1.30913,1.00,1.00
2018.03.26 18:06:54.291,1.30898,1.30913,1.00,1.00
2018.03.26 18:06:54.800,1.30897,1.30912,1.00,1.00
2018.03.26 18:06:56.549,1.30897,1.30913,1.00,1.12
2018.03.26 18:07:16.949,1.30897,1.30911,1.00,1.00
2018.03.26 18:07:18.003,1.30897,1.30909,1.00,1.00
2018.03.26 18:07:20.983,1.30893,1.30909,2.62,1.00
2018.03.26 18:07:21.596,1.30892,1.30908,1.50,1.00
2018.03.26 18:07:22.395,1.30893,1.3091,3.94,1.00
2018.03.26 18:07:24.325,1.30894,1.3091,2.62,1.00
2018.03.26 18:07:26.652,1.30894,1.3091,3.19,1.00
2018.03.26 18:07:47.183,1.30894,1.30909,1.69,1.00
2018.03.26 18:07:47.786,1.30894,1.30908,1.00,1.00
2018.03.26 18:07:57.314,1.30895,1.30908,1.00,1.00
2018.03.26 18:07:57.467,1.30897,1.30911,1.31,1.00
2018.03.26 18:07:57.519,1.30897,1.30911,2.44,1.00
2018.03.26 18:07:57.957,1.30896,1.30911,1.69,1.00
2018.03.26 18:07:58.462,1.30895,1.3091,2.25,1.00
2018.03.26 18:08:04.205,1.30898,1.3091,1.00,1.00
2018.03.26 18:08:05.028,1.30895,1.3091,1.69,1.00
2018.03.26 18:08:11.527,1.30896,1.30909,1.00,1.00
2018.03.26 18:08:12.074,1.30896,1.30908,1.00,1.00
2018.03.26 18:08:15.350,1.30896,1.30909,1.69,1.00
2018.03.26 18:08:18.182,1.30896,1.30909,1.12,1.00
2018.03.26 18:08:22.735,1.30896,1.3091,1.12,1.00
2018.03.26 18:08:23.419,1.30895,1.3091,1.69,1.00
2018.03.26 18:08:23.739,1.30895,1.30909,1.12,1.00
2018.03.26 18:08:29.781,1.30895,1.30909,1.31,1.00
2018.03.26 18:08:30.855,1.30896,1.30909,1.19,1.00
2018.03.26 18:08:31.199,1.30894,1.30909,3.19,1.00
2018.03.26 18:08:46.183,1.30895,1.30908,1.00,1.00
2018.03.26 18:08:47.000,1.30895,1.30907,1.00,1.00
2018.03.26 18:08:51.482,1.30895,1.30909,1.00,1.00
2018.03.26 18:09:00.366,1.30895,1.30908,1.12,1.00
2018.03.26 18:09:03.402,1.30895,1.30909,1.12,1.00
2018.03.26 18:09:03.557,1.30895,1.30909,2.06,1.00
2018.03.26 18:09:04.262,1.30896,1.30909,1.12,1.00
2018.03.26 18:09:04.792,1.30897,1.30909,1.00,1.00
2018.03.26 18:09:04.894,1.30894,1.30909,1.87,1.00
2018.03.26 18:09:05.716,1.30896,1.30909,1.00,1.00
2018.03.26 18:09:10.315,1.30896,1.3091,1.50,1.00
2018.03.26 18:09:25.474,1.30896,1.3091,1.00,1.00
2018.03.26 18:09:25.626,1.30896,1.30908,1.00,1.00
2018.03.26 18:09:29.923,1.30896,1.30909,1.00,1.00
2018.03.26 18:09:56.826,1.30896,1.30912,1.12,1.00
2018.03.26 18:09:57.812,1.30896,1.30913,1.12,1.00
2018.03.26 18:10:00.502,1.30896,1.30912,1.12,1.00
2018.03.26 18:10:06.149,1.30896,1.30911,1.12,1.00
2018.03.26 18:10:12.896,1.30894,1.30911,1.87,1.00
2018.03.26 18:10:23.052,1.30894,1.30911,2.44,1.00
2018.03.26 18:10:25.450,1.30896,1.30911,1.00,1.00
2018.03.26 18:10:25.749,1.30897,1.30913,1.50,1.00
2018.03.26 18:10:35.866,1.30897,1.30913,1.12,1.00
2018.03.26 18:10:57.723,1.30898,1.30913,1.00,1.00
2018.03.26 18:10:58.235,1.309,1.30913,1.00,1.00
2018.03.26 18:10:59.795,1.30895,1.30913,1.75,1.00
2018.03.26 18:11:05.395,1.30896,1.30912,2.44,1.00
2018.03.26 18:11:24.415,1.30896,1.30912,1.00,1.00
2018.03.26 18:11:24.939,1.30895,1.30911,1.87,1.00
2018.03.26 18:11:46.114,1.30891,1.30907,1.31,1.00
2018.03.26 18:11:47.012,1.30891,1.30908,1.12,1.00
2018.03.26 18:11:47.740,1.30891,1.30908,1.69,1.00
2018.03.26 18:11:51.012,1.30891,1.30909,2.25,1.00
2018.03.26 18:11:51.536,1.30894,1.3091,1.25,1.00
2018.03.26 18:11:59.249,1.30894,1.30912,1.69,1.00
2018.03.26 18:12:04.977,1.30894,1.3091,1.87,1.00
2018.03.26 18:12:07.649,1.30894,1.30909,1.00,1.00
2018.03.26 18:12:10.860,1.30893,1.30909,1.87,1.00
2018.03.26 18:12:17.209,1.30895,1.30909,1.00,1.00
2018.03.26 18:12:24.497,1.30895,1.3091,1.00,1.00
2018.03.26 18:12:45.155,1.30895,1.30909,1.00,1.00
2018.03.26 18:12:46.095,1.30893,1.30909,1.50,1.00
2018.03.26 18:13:05.303,1.30894,1.30909,1.87,1.00
2018.03.26 18:13:06.074,1.30894,1.30909,1.00,1.00
2018.03.26 18:13:11.896,1.30894,1.30911,2.25,1.00
2018.03.26 18:13:13.605,1.30894,1.30912,2.06,1.12
2018.03.26 18:13:14.269,1.30894,1.30912,2.06,1.12
2018.03.26 18:13:18.267,1.30894,1.30912,2.06,1.12
2018.03.26 18:13:24.816,1.30895,1.30912,1.25,1.00
2018.03.26 18:13:24.969,1.30895,1.30914,1.69,1.12
2018.03.26 18:13:25.510,1.30895,1.30914,3.19,1.00
2018.03.26 18:14:02.336,1.30896,1.30914,1.31,1.00
2018.03.26 18:14:03.041,1.30896,1.30914,1.31,1.00
2018.03.26 18:14:07.695,1.30896,1.30914,2.00,1.00
2018.03.26 18:14:14.911,1.30895,1.30913,2.06,1.00
2018.03.26 18:14:16.182,1.30896,1.30915,3.00,1.00
2018.03.26 18:14:16.303,1.309,1.30918,1.37,1.00
2018.03.26 18:14:16.354,1.309,1.30918,1.94,1.00
2018.03.26 18:14:16.557,1.30899,1.30917,2.81,1.00
2018.03.26 18:14:19.611,1.309,1.30917,2.44,1.00
2018.03.26 18:14:20.316,1.309,1.30918,1.69,1.00
2018.03.26 18:14:21.494,1.309,1.30918,2.06,1.00
2018.03.26 18:14:32.966,1.309,1.30916,1.50,1.00
2018.03.26 18:14:33.068,1.30899,1.30916,1.50,1.00
2018.03.26 18:14:34.202,1.30899,1.30915,1.00,1.00
2018.03.26 18:14:39.450,1.30897,1.30915,1.00,1.00
2018.03.26 18:14:45.989,1.30899,1.30915,1.00,1.00
2018.03.26 18:14:46.522,1.30899,1.30916,1.12,1.00
2018.03.26 18:14:46.946,1.30899,1.30916,2.00,1.00
2018.03.26 18:14:47.518,1.30899,1.30917,3.56,1.00
2018.03.26 18:14:56.621,1.30899,1.30918,4.31,1.00
2018.03.26 18:14:57.624,1.30901,1.3092,1.50,1.12
2018.03.26 18:15:00.546,1.309,1.30919,1.75,1.00
2018.03.26 18:15:10.995,1.30901,1.3092,1.50,1.12
2018.03.26 18:15:20.354,1.30901,1.3092,1.00,1.12
2018.03.26 18:15:36.790,1.309,1.3092,2.25,1.12
2018.03.26 18:15:57.973,1.309,1.3092,2.25,1.12
2018.03.26 18:16:04.290,1.309,1.3092,2.25,1.12
2018.03.26 18:16:09.042,1.309,1.3092,2.62,1.00
2018.03.26 18:16:15.354,1.309,1.30921,1.87,1.12
2018.03.26 18:16:30.756,1.309,1.30921,2.06,1.00
2018.03.26 18:16:33.724,1.309,1.30923,2.06,2.25
2018.03.26 18:16:48.958,1.30902,1.30924,1.69,3.38
2018.03.26 18:16:49.940,1.30902,1.30924,1.25,2.25
2018.03.26 18:16:50.254,1.30903,1.30924,1.50,1.87
2018.03.26 18:16:51.627,1.30905,1.30924,1.00,1.87
2018.03.26 18:16:52.967,1.30903,1.30924,1.69,1.87
2018.03.26 18:16:53.649,1.30903,1.30923,2.00,1.00
2018.03.26 18:17:08.191,1.30903,1.30921,2.25,1.00
2018.03.26 18:17:13.560,1.30903,1.30924,2.00,2.25
2018.03.26 18:17:19.365,1.30905,1.30924,1.12,1.00
2018.03.26 18:17:19.951,1.30905,1.30925,1.12,1.87
2018.03.26 18:17:22.420,1.30905,1.30925,1.75,1.50
2018.03.26 18:17:28.463,1.30905,1.30925,1.75,1.87
2018.03.26 18:17:54.154,1.30905,1.30925,2.00,1.50
2018.03.26 18:17:54.257,1.30908,1.30927,1.37,1.87
2018.03.26 18:17:54.423,1.30909,1.30929,2.44,1.00
2018.03.26 18:17:55.967,1.3091,1.3093,1.12,1.12
2018.03.26 18:18:06.503,1.3091,1.3093,3.75,1.87
2018.03.26 18:18:11.157,1.3091,1.3093,2.62,1.87
2018.03.26 18:18:18.617,1.3091,1.30929,1.50,1.12
2018.03.26 18:18:28.563,1.30909,1.30929,1.00,1.87
2018.03.26 18:18:28.615,1.30905,1.30922,1.37,1.00
2018.03.26 18:18:28.718,1.30899,1.30918,1.00,1.12
2018.03.26 18:18:28.769,1.30897,1.30918,1.12,1.50
2018.03.26 18:18:29.312,1.30899,1.30919,1.12,2.25
2018.03.26 18:18:29.636,1.309,1.30919,3.00,1.00
2018.03.26 18:18:30.105,1.30903,1.30924,1.50,2.06
2018.03.26 18:18:30.910,1.30905,1.30924,1.00,1.87
2018.03.26 18:18:31.431,1.30905,1.30924,1.12,2.25
2018.03.26 18:18:34.482,1.30903,1.30924,2.81,1.12
2018.03.26 18:18:34.611,1.30901,1.30908,1.00,1.00
2018.03.26 18:18:34.663,1.30887,1.30906,1.11,1.00
2018.03.26 18:18:34.869,1.30883,1.30904,1.08,2.25
2018.03.26 18:18:34.972,1.30883,1.30903,1.00,1.12
2018.03.26 18:18:35.125,1.30885,1.30903,1.00,1.31
2018.03.26 18:18:37.165,1.30885,1.30904,1.00,2.06
2018.03.26 18:18:49.349,1.30884,1.30905,1.00,2.44
2018.03.26 18:18:51.440,1.30887,1.30906,1.00,2.44
2018.03.26 18:18:54.842,1.30887,1.30906,1.00,2.06
2018.03.26 18:18:56.467,1.30887,1.30906,1.00,2.44
2018.03.26 18:19:22.338,1.30887,1.30906,1.00,2.06
2018.03.26 18:19:22.448,1.30885,1.30906,1.00,1.31
2018.03.26 18:19:22.500,1.30885,1.30905,1.12,1.69
2018.03.26 18:19:23.202,1.30886,1.30906,1.00,1.87
2018.03.26 18:19:26.772,1.30886,1.30906,1.12,2.00
2018.03.26 18:19:34.739,1.30885,1.30905,1.00,1.75
2018.03.26 18:19:38.949,1.30885,1.30903,1.00,1.50
2018.03.26 18:19:45.966,1.30885,1.30905,1.00,1.87
2018.03.26 18:19:50.734,1.30885,1.30905,1.00,1.75
2018.03.26 18:19:52.139,1.30885,1.30905,1.12,1.75
2018.03.26 18:19:52.705,1.30884,1.30904,1.12,1.75
2018.03.26 18:19:54.674,1.30883,1.30903,1.25,1.75
2018.03.26 18:19:54.860,1.30876,1.30897,1.75,1.00
2018.03.26 18:19:55.014,1.30875,1.30897,1.69,1.50
2018.03.26 18:19:56.437,1.30875,1.30895,1.50,1.00
2018.03.26 18:20:00.316,1.30875,1.30895,1.94,1.00
2018.03.26 18:20:01.176,1.30877,1.30897,1.12,2.62
2018.03.26 18:20:02.683,1.30875,1.30895,1.94,1.00
2018.03.26 18:20:03.250,1.30875,1.30896,1.75,1.00
2018.03.26 18:20:03.853,1.30875,1.30896,1.75,1.50
2018.03.26 18:20:18.388,1.30875,1.30896,1.50,1.75
2018.03.26 18:21:07.763,1.30876,1.30893,1.00,1.00
2018.03.26 18:21:12.039,1.30876,1.30895,1.00,1.50
2018.03.26 18:21:12.974,1.30876,1.30891,1.00,1.00
2018.03.26 18:21:13.228,1.30876,1.30895,1.00,1.50
2018.03.26 18:21:21.094,1.30876,1.30893,1.00,1.00
2018.03.26 18:21:22.205,1.30876,1.30892,1.00,1.00
2018.03.26 18:21:28.046,1.30876,1.30895,1.00,1.50
2018.03.26 18:21:28.102,1.30876,1.30891,1.00,1.00
2018.03.26 18:21:35.348,1.30875,1.30891,1.00,1.00
2018.03.26 18:21:36.075,1.30875,1.30896,1.00,2.25
2018.03.26 18:21:36.179,1.30875,1.30891,1.00,1.00
2018.03.26 18:21:36.654,1.30875,1.30896,1.00,3.19
2018.03.26 18:21:39.275,1.30875,1.30892,1.00,1.00
2018.03.26 18:21:41.316,1.30874,1.30892,1.00,2.25
2018.03.26 18:21:44.080,1.30874,1.30892,1.12,1.87
2018.03.26 18:21:52.809,1.30874,1.30891,1.31,1.00
2018.03.26 18:21:57.295,1.30874,1.30894,1.31,1.75
2018.03.26 18:21:59.070,1.30875,1.30894,1.00,1.75
2018.03.26 18:21:59.581,1.30875,1.30894,1.00,1.12
2018.03.26 18:22:00.157,1.30875,1.30894,1.50,1.12
2018.03.26 18:22:02.519,1.30875,1.30895,1.00,2.25
2018.03.26 18:22:03.997,1.30875,1.30894,1.00,2.00
2018.03.26 18:22:04.048,1.30873,1.30894,1.31,2.00
2018.03.26 18:22:06.850,1.30875,1.30893,1.00,1.50
2018.03.26 18:22:07.136,1.30872,1.30893,3.19,2.25
2018.03.26 18:22:08.265,1.30873,1.30893,2.06,1.50
2018.03.26 18:22:09.373,1.30875,1.30893,1.00,1.50
2018.03.26 18:22:10.484,1.30874,1.30893,1.00,2.25
2018.03.26 18:22:11.192,1.30874,1.3089,1.00,1.00
2018.03.26 18:22:12.019,1.30873,1.30893,1.50,1.50
2018.03.26 18:22:13.432,1.30873,1.30893,1.87,1.12
2018.03.26 18:22:14.724,1.30873,1.30892,2.62,1.00
2018.03.26 18:22:15.432,1.30873,1.3089,1.87,1.00
2018.03.26 18:22:16.301,1.30873,1.30894,1.12,1.50
2018.03.26 18:22:16.403,1.30873,1.30891,1.12,1.12
2018.03.26 18:22:24.305,1.30873,1.3089,1.75,1.00
2018.03.26 18:22:24.410,1.30873,1.30892,1.75,1.00
2018.03.26 18:22:27.440,1.30874,1.30892,1.00,1.50
2018.03.26 18:22:28.259,1.30873,1.30892,1.12,2.25
2018.03.26 18:22:29.069,1.30873,1.3089,1.12,1.00
2018.03.26 18:22:34.410,1.30873,1.30892,1.31,1.50
2018.03.26 18:22:36.482,1.30873,1.30892,3.19,1.50
2018.03.26 18:22:37.973,1.30873,1.30892,1.50,2.25
2018.03.26 18:22:39.204,1.30873,1.3089,1.69,1.00
2018.03.26 18:22:43.744,1.30874,1.30892,1.31,1.00
2018.03.26 18:22:43.795,1.30874,1.30892,2.00,1.00
2018.03.26 18:22:44.688,1.30875,1.30895,1.50,1.00
2018.03.26 18:22:45.220,1.30875,1.30895,1.94,1.00
2018.03.26 18:22:45.837,1.30876,1.30896,1.69,1.87
2018.03.26 18:22:49.693,1.30878,1.30896,1.00,1.87
2018.03.26 18:22:49.938,1.30882,1.309,1.00,3.00
2018.03.26 18:22:49.989,1.30883,1.30901,1.00,2.25
2018.03.26 18:22:50.889,1.30884,1.30902,1.00,1.75
2018.03.26 18:22:56.649,1.30885,1.30901,1.00,1.50
2018.03.26 18:23:04.666,1.30885,1.30903,1.00,2.25
2018.03.26 18:23:05.438,1.30886,1.30904,1.00,2.00
2018.03.26 18:23:06.420,1.30885,1.30905,1.00,2.25
2018.03.26 18:23:07.222,1.30885,1.30905,1.00,1.50
2018.03.26 18:23:07.745,1.30885,1.30905,1.00,1.12
2018.03.26 18:23:11.248,1.30887,1.30905,1.00,1.12
2018.03.26 18:23:19.348,1.30885,1.30905,1.00,1.12
2018.03.26 18:23:31.950,1.30886,1.30905,1.00,1.12
2018.03.26 18:23:40.971,1.30886,1.30905,1.50,1.12
2018.03.26 18:23:43.357,1.30886,1.30905,1.94,1.00
2018.03.26 18:23:52.946,1.30886,1.30905,1.50,1.12
2018.03.26 18:24:14.080,1.30885,1.30905,1.00,2.25
2018.03.26 18:24:15.325,1.30885,1.30903,1.00,1.00
2018.03.26 18:24:15.480,1.30883,1.30903,1.31,1.75
2018.03.26 18:24:15.582,1.3088,1.309,1.12,1.69
2018.03.26 18:24:15.633,1.30878,1.30899,1.12,2.25
2018.03.26 18:24:15.837,1.30877,1.30897,1.00,1.50
2018.03.26 18:24:18.094,1.30877,1.30895,1.31,1.00
2018.03.26 18:24:25.923,1.30878,1.30899,1.00,3.38
2018.03.26 18:24:26.136,1.30883,1.30903,1.00,1.50
2018.03.26 18:24:26.239,1.30885,1.30905,1.00,2.00
2018.03.26 18:24:27.039,1.30885,1.30902,1.00,1.00
2018.03.26 18:24:27.793,1.30885,1.30901,1.00,1.12
2018.03.26 18:24:29.039,1.30884,1.30901,1.00,1.12
2018.03.26 18:24:34.240,1.30885,1.30901,1.00,1.00
2018.03.26 18:24:34.794,1.30885,1.30905,1.00,2.00
2018.03.26 18:24:41.285,1.30885,1.30904,1.00,1.12
2018.03.26 18:24:41.883,1.30885,1.30902,1.00,1.00
2018.03.26 18:24:42.993,1.30885,1.309,1.00,1.00
2018.03.26 18:24:49.295,1.30885,1.30906,1.00,2.81
2018.03.26 18:24:50.413,1.30885,1.30903,1.00,1.00
2018.03.26 18:24:51.379,1.30885,1.30901,1.00,1.00
2018.03.26 18:25:01.067,1.30885,1.30906,1.00,2.25
2018.03.26 18:25:01.254,1.30885,1.30906,1.94,2.25
2018.03.26 18:25:09.153,1.30885,1.30903,2.25,1.00
2018.03.26 18:25:10.365,1.30885,1.30901,2.25,1.00
2018.03.26 18:25:10.454,1.30885,1.30906,2.25,2.25
2018.03.26 18:25:11.425,1.30887,1.30906,1.31,2.25
2018.03.26 18:25:12.214,1.30887,1.30906,1.31,1.12
2018.03.26 18:25:12.994,1.30887,1.30906,1.12,1.12
2018.03.26 18:25:16.521,1.30887,1.30905,1.00,1.00
2018.03.26 18:25:17.131,1.30887,1.30903,1.00,1.00
2018.03.26 18:25:18.243,1.30887,1.30901,1.00,1.00
2018.03.26 18:25:19.048,1.30885,1.30901,2.44,1.00
2018.03.26 18:25:21.418,1.30885,1.30907,1.50,1.37
2018.03.26 18:25:21.520,1.30885,1.30901,1.69,1.00
2018.03.26 18:25:27.034,1.30885,1.30907,1.50,1.37
2018.03.26 18:25:29.424,1.30886,1.30906,2.06,1.12
2018.03.26 18:25:32.195,1.30886,1.30904,1.50,1.00
2018.03.26 18:25:32.728,1.30886,1.30904,1.00,1.00
2018.03.26 18:25:33.906,1.30886,1.30901,1.00,1.00
2018.03.26 18:25:35.502,1.30886,1.30907,1.00,2.25
2018.03.26 18:25:37.509,1.30886,1.30903,1.00,1.00
2018.03.26 18:25:38.241,1.30886,1.30902,1.00,1.00
2018.03.26 18:25:38.586,1.30886,1.30906,1.00,1.50
2018.03.26 18:25:46.118,1.30886,1.30904,1.25,1.00
2018.03.26 18:25:47.230,1.30886,1.309,1.25,1.00
2018.03.26 18:25:53.481,1.30886,1.30906,1.25,2.25
2018.03.26 18:25:53.533,1.30886,1.30901,1.25,1.00
2018.03.26 18:25:55.403,1.30886,1.30906,1.25,2.25
2018.03.26 18:25:55.926,1.30886,1.30906,1.31,1.87
2018.03.26 18:25:57.127,1.30886,1.30905,1.31,1.00
2018.03.26 18:26:07.429,1.30886,1.30903,1.00,1.00
2018.03.26 18:26:08.540,1.30886,1.30901,1.00,1.00
2018.03.26 18:26:09.616,1.30886,1.30906,1.00,1.50
2018.03.26 18:26:09.668,1.30886,1.30901,1.00,1.00
2018.03.26 18:26:18.653,1.30886,1.30906,1.00,1.75
2018.03.26 18:26:23.561,1.30885,1.30906,1.00,2.25
2018.03.26 18:26:33.692,1.30885,1.30906,1.12,2.25
2018.03.26 18:26:34.397,1.30885,1.30904,1.00,1.12
2018.03.26 18:26:35.609,1.30885,1.309,1.00,1.00
2018.03.26 18:26:39.023,1.30885,1.30906,1.00,1.75
2018.03.26 18:26:41.694,1.30885,1.30905,2.25,1.50
2018.03.26 18:26:42.815,1.30885,1.30905,1.87,1.75
2018.03.26 18:26:55.583,1.30885,1.30905,1.31,1.12
2018.03.26 18:27:09.052,1.30885,1.30905,1.25,1.50
2018.03.26 18:27:11.770,1.30884,1.30905,1.87,1.50
2018.03.26 18:27:15.914,1.30884,1.30903,1.87,1.00
2018.03.26 18:27:16.514,1.30884,1.30901,1.87,1.00
2018.03.26 18:27:17.419,1.30884,1.30907,1.87,3.94
2018.03.26 18:27:17.645,1.30884,1.30901,1.87,1.00
2018.03.26 18:27:19.133,1.30884,1.30907,1.87,3.94
2018.03.26 18:27:19.948,1.30884,1.309,1.87,1.00
2018.03.26 18:27:20.690,1.30884,1.30907,1.00,4.12
2018.03.26 18:27:21.867,1.30884,1.30901,1.00,1.00
2018.03.26 18:27:23.246,1.30881,1.30901,1.50,2.25
2018.03.26 18:27:24.425,1.30881,1.30901,1.12,3.00
2018.03.26 18:27:24.823,1.30882,1.30901,1.00,1.87
2018.03.26 18:27:29.951,1.30882,1.30901,1.61,1.12
2018.03.26 18:27:30.882,1.30882,1.30901,1.12,1.50
2018.03.26 18:27:39.135,1.3088,1.30901,2.06,2.25
2018.03.26 18:27:53.713,1.3088,1.30901,1.88,1.50
2018.03.26 18:27:54.663,1.30882,1.30901,1.12,1.00
2018.03.26 18:27:54.715,1.30882,1.30903,1.69,1.12
2018.03.26 18:27:55.525,1.30882,1.30901,1.00,1.12
2018.03.26 18:27:56.088,1.30882,1.309,1.00,1.00
2018.03.26 18:28:02.759,1.30882,1.309,2.44,1.00
2018.03.26 18:28:03.755,1.30882,1.309,1.69,1.00
2018.03.26 18:28:05.776,1.30882,1.309,2.06,1.00
2018.03.26 18:28:06.862,1.30884,1.309,1.00,1.00
2018.03.26 18:28:09.610,1.30883,1.309,1.25,1.00
2018.03.26 18:28:09.662,1.3088,1.309,1.50,1.87
2018.03.26 18:28:09.713,1.30877,1.309,2.00,4.69
2018.03.26 18:28:09.764,1.30877,1.30898,1.00,1.12
2018.03.26 18:28:09.920,1.30875,1.30898,1.50,3.19
2018.03.26 18:28:14.085,1.30875,1.30893,1.50,1.00
2018.03.26 18:28:15.093,1.30875,1.30891,1.50,1.00
2018.03.26 18:28:15.144,1.30875,1.30898,1.50,3.56
2018.03.26 18:28:20.870,1.30875,1.30897,1.75,1.69
2018.03.26 18:28:26.140,1.30877,1.30898,1.75,1.50
2018.03.26 18:28:26.968,1.30878,1.30895,1.50,1.00
2018.03.26 18:28:28.665,1.30876,1.30895,1.75,1.00
2018.03.26 18:28:32.772,1.30876,1.30895,1.12,1.00
2018.03.26 18:28:49.554,1.30876,1.30895,1.50,1.00
2018.03.26 18:29:00.150,1.30875,1.30895,1.87,1.12
2018.03.26 18:29:02.132,1.30874,1.30895,1.50,1.75
2018.03.26 18:29:10.139,1.30874,1.30895,2.44,1.37
2018.03.26 18:29:14.556,1.30875,1.30896,2.44,1.12
2018.03.26 18:29:20.466,1.30875,1.30896,2.63,1.12
2018.03.26 18:29:32.982,1.30876,1.30896,1.50,1.50
2018.03.26 18:29:34.141,1.30875,1.30896,1.69,1.75
2018.03.26 18:29:34.739,1.30875,1.30896,1.31,2.00
2018.03.26 18:29:39.083,1.30875,1.30896,1.50,2.62
2018.03.26 18:29:40.943,1.30875,1.30891,1.50,1.00
2018.03.26 18:29:41.842,1.30875,1.30896,1.50,1.87
2018.03.26 18:29:44.277,1.30875,1.30892,1.50,1.00
2018.03.26 18:29:44.761,1.30875,1.30896,1.69,1.50
2018.03.26 18:29:47.169,1.30877,1.30896,1.00,1.87
2018.03.26 18:29:48.292,1.30876,1.30896,1.31,1.87
2018.03.26 18:29:52.443,1.30876,1.30895,1.12,1.50
2018.03.26 18:29:58.603,1.30876,1.30895,1.12,1.00
2018.03.26 18:30:00.139,1.30876,1.30895,1.50,1.12
2018.03.26 18:30:04.440,1.30876,1.30895,1.75,1.00
2018.03.26 18:30:04.995,1.30876,1.30897,2.44,1.37
2018.03.26 18:30:18.515,1.30877,1.30895,1.50,1.00
2018.03.26 18:30:23.117,1.30878,1.30899,1.12,2.06
2018.03.26 18:30:24.191,1.30879,1.30899,1.50,1.37
2018.03.26 18:30:24.295,1.30881,1.309,1.50,2.62
2018.03.26 18:30:24.450,1.30883,1.30904,1.31,2.06
2018.03.26 18:30:25.992,1.30883,1.30904,1.12,1.50
2018.03.26 18:30:26.818,1.30885,1.30904,1.00,1.50
2018.03.26 18:30:27.376,1.30884,1.30904,1.00,2.06
2018.03.26 18:30:28.818,1.30884,1.309,1.00,1.00
2018.03.26 18:30:29.539,1.30882,1.309,2.06,1.00
2018.03.26 18:30:29.642,1.30881,1.30899,1.00,1.12
2018.03.26 18:30:29.696,1.30879,1.30898,1.12,1.37
2018.03.26 18:30:29.748,1.30876,1.30898,1.12,1.12
2018.03.26 18:30:31.848,1.30875,1.30895,3.00,1.00
2018.03.26 18:30:33.028,1.30875,1.30895,3.19,1.00
2018.03.26 18:30:34.895,1.30876,1.30897,1.69,1.00
2018.03.26 18:30:35.437,1.30876,1.30899,3.19,3.00
2018.03.26 18:30:37.604,1.30876,1.30896,2.44,1.00
2018.03.26 18:30:45.959,1.30877,1.30896,1.12,1.00
2018.03.26 18:30:47.549,1.30878,1.30896,1.00,1.00
2018.03.26 18:30:51.425,1.30879,1.30898,1.00,1.00
2018.03.26 18:30:53.259,1.3088,1.30898,1.00,1.00
2018.03.26 18:30:53.828,1.30879,1.30898,1.00,1.00
2018.03.26 18:30:54.363,1.30881,1.309,1.00,5.44
2018.03.26 18:30:54.467,1.30884,1.30904,1.12,1.69
2018.03.26 18:30:55.905,1.30884,1.30903,1.00,1.12
2018.03.26 18:30:56.702,1.30883,1.30901,1.00,1.50
2018.03.26 18:31:00.298,1.30883,1.30901,1.12,1.00
2018.03.26 18:31:06.649,1.30883,1.30903,1.12,1.00
2018.03.26 18:31:07.304,1.30884,1.30905,1.12,1.50
2018.03.26 18:31:07.681,1.30886,1.30906,1.25,3.56
2018.03.26 18:31:13.764,1.30886,1.30906,1.00,3.37
2018.03.26 18:31:14.267,1.30884,1.30906,1.87,2.62
2018.03.26 18:31:18.094,1.30886,1.30905,1.25,1.12
2018.03.26 18:31:31.349,1.30887,1.30905,1.00,1.12
2018.03.26 18:31:32.209,1.30887,1.30904,1.00,1.00
2018.03.26 18:31:32.726,1.30886,1.30904,1.00,1.50
2018.03.26 18:31:34.347,1.30886,1.30905,1.00,1.75
2018.03.26 18:31:36.205,1.30886,1.30905,1.00,1.37
2018.03.26 18:31:36.695,1.30886,1.30906,1.25,1.12
2018.03.26 18:31:40.952,1.30886,1.30906,1.00,1.87
2018.03.26 18:31:41.841,1.30886,1.30903,1.00,1.00
2018.03.26 18:31:43.053,1.30886,1.309,1.00,1.00
2018.03.26 18:31:48.052,1.30886,1.30905,1.00,1.37
2018.03.26 18:31:52.112,1.30886,1.30905,1.19,1.00
2018.03.26 18:31:53.640,1.30886,1.30905,1.00,1.00
2018.03.26 18:31:55.147,1.30886,1.30905,1.00,1.50
2018.03.26 18:32:02.814,1.30885,1.30905,1.69,1.50
2018.03.26 18:32:13.960,1.30887,1.30906,1.00,2.25
2018.03.26 18:32:14.666,1.30887,1.30906,1.19,1.12
2018.03.26 18:32:15.639,1.30889,1.30908,1.00,1.12
2018.03.26 18:32:15.691,1.3089,1.30909,1.12,1.37
2018.03.26 18:32:16.409,1.3089,1.3091,1.87,3.00
2018.03.26 18:32:17.274,1.3089,1.30908,1.12,1.00
2018.03.26 18:32:18.304,1.3089,1.30906,1.12,1.00
2018.03.26 18:32:20.125,1.3089,1.30909,1.00,1.00
2018.03.26 18:32:20.227,1.3089,1.30906,1.00,1.00
2018.03.26 18:32:28.159,1.3089,1.30909,1.00,1.00
2018.03.26 18:32:28.303,1.3089,1.30906,1.00,1.00
2018.03.26 18:32:36.314,1.30888,1.30906,3.37,1.00
2018.03.26 18:32:59.394,1.30891,1.30906,1.00,1.00
2018.03.26 18:33:08.348,1.30889,1.30906,1.12,1.00
2018.03.26 18:33:18.656,1.30889,1.30906,1.00,1.50
2018.03.26 18:33:23.789,1.30889,1.30906,1.00,2.00
2018.03.26 18:33:25.376,1.30889,1.30906,1.00,1.50
2018.03.26 18:33:32.344,1.30889,1.30907,1.00,1.12
2018.03.26 18:33:33.371,1.3089,1.30907,1.00,1.12
2018.03.26 18:33:54.075,1.3089,1.30908,1.00,1.00
2018.03.26 18:33:54.699,1.3089,1.30908,1.00,1.12
2018.03.26 18:33:57.796,1.30889,1.30908,1.00,1.31
2018.03.26 18:33:58.731,1.30888,1.30908,1.00,1.75
2018.03.26 18:34:04.796,1.30889,1.30908,1.00,1.37
2018.03.26 18:34:12.926,1.30891,1.30908,1.00,1.00
2018.03.26 18:34:14.451,1.30891,1.30909,1.00,1.87
2018.03.26 18:34:21.005,1.30891,1.30908,1.00,1.00
2018.03.26 18:34:45.349,1.30891,1.30909,1.00,1.12
2018.03.26 18:34:46.097,1.3089,1.30908,1.00,1.00
2018.03.26 18:34:46.862,1.3089,1.30909,1.00,2.06
2018.03.26 18:34:51.542,1.3089,1.30908,1.00,1.00
2018.03.26 18:34:53.382,1.30892,1.30909,1.00,1.31
2018.03.26 18:35:01.563,1.30892,1.30906,1.00,1.00
2018.03.26 18:35:08.222,1.30891,1.30906,1.00,1.00
2018.03.26 18:35:09.388,1.30891,1.30907,1.00,1.00
2018.03.26 18:35:17.557,1.30891,1.30906,1.00,1.00
2018.03.26 18:35:25.481,1.30892,1.30906,1.00,1.00
2018.03.26 18:35:25.583,1.30889,1.30906,1.12,1.00
2018.03.26 18:35:30.785,1.30891,1.30906,1.00,1.00
2018.03.26 18:35:34.424,1.30891,1.30908,1.00,1.37
2018.03.26 18:35:35.050,1.30891,1.3091,1.00,3.56
2018.03.26 18:35:37.096,1.30891,1.30906,1.00,1.00
2018.03.26 18:35:41.627,1.30891,1.30909,1.00,1.25
2018.03.26 18:35:41.729,1.30891,1.30907,1.00,1.00
2018.03.26 18:35:49.740,1.3089,1.30907,1.00,1.00
2018.03.26 18:35:58.692,1.3089,1.3091,1.00,3.94
2018.03.26 18:36:01.309,1.3089,1.30906,1.00,1.00
2018.03.26 18:36:05.740,1.30891,1.30906,1.00,1.00
2018.03.26 18:36:29.807,1.30892,1.30906,1.00,1.00
2018.03.26 18:36:30.510,1.30891,1.30906,1.00,1.00
2018.03.26 18:36:34.647,1.30889,1.30906,1.00,1.00
2018.03.26 18:36:37.889,1.3089,1.30906,1.00,1.00
2018.03.26 18:36:39.035,1.30889,1.30906,1.00,1.00
2018.03.26 18:36:45.977,1.3089,1.30906,1.00,1.00
2018.03.26 18:36:46.364,1.30889,1.30906,1.00,1.75
2018.03.26 18:36:47.776,1.30889,1.30906,1.00,1.00
2018.03.26 18:37:01.624,1.30889,1.30908,1.00,1.63
2018.03.26 18:37:04.145,1.30889,1.30908,1.00,1.00
2018.03.26 18:37:05.242,1.30889,1.30909,1.00,1.87
2018.03.26 18:37:06.252,1.30889,1.30906,1.25,1.00
2018.03.26 18:37:10.660,1.30889,1.30909,1.00,1.12
2018.03.26 18:37:12.684,1.30891,1.30907,1.00,1.00
2018.03.26 18:37:16.612,1.30891,1.30909,1.00,1.00
2018.03.26 18:37:18.687,1.30891,1.30909,1.00,1.69
2018.03.26 18:37:19.282,1.30891,1.30907,1.00,1.12
2018.03.26 18:37:24.499,1.30891,1.30909,1.00,2.25
2018.03.26 18:37:25.142,1.30892,1.30909,1.00,1.50
2018.03.26 18:37:29.180,1.30892,1.30907,1.00,1.00
2018.03.26 18:37:32.716,1.30891,1.30907,1.00,1.12
2018.03.26 18:37:49.948,1.3089,1.30907,1.00,1.50
2018.03.26 18:38:06.912,1.30891,1.30907,1.00,1.50
2018.03.26 18:38:21.149,1.30889,1.30907,1.00,1.12
2018.03.26 18:38:28.976,1.30891,1.30907,1.00,1.50
2018.03.26 18:38:31.146,1.30892,1.30909,1.00,1.12
2018.03.26 18:38:35.133,1.30892,1.30906,1.00,1.00
2018.03.26 18:38:42.638,1.30893,1.30909,1.00,1.37
2018.03.26 18:38:42.690,1.30895,1.3091,1.00,1.50
2018.03.26 18:38:42.791,1.30895,1.30914,1.00,2.44
2018.03.26 18:38:42.843,1.30897,1.30914,1.00,2.44
2018.03.26 18:38:45.276,1.30896,1.30914,1.00,1.50
2018.03.26 18:38:47.825,1.30898,1.30915,1.00,1.87
2018.03.26 18:38:48.468,1.30898,1.30914,1.00,1.50
2018.03.26 18:38:49.350,1.30897,1.30914,1.00,1.50
2018.03.26 18:38:49.677,1.30897,1.30911,1.00,1.00
2018.03.26 18:38:55.690,1.30896,1.30914,1.00,1.50
2018.03.26 18:38:55.741,1.30898,1.30915,1.00,2.06
2018.03.26 18:38:55.995,1.30902,1.30919,1.00,1.00
2018.03.26 18:38:56.148,1.30902,1.30919,1.00,1.12
2018.03.26 18:38:57.732,1.30902,1.3092,1.00,1.75
2018.03.26 18:38:59.549,1.309,1.30919,1.50,1.38
2018.03.26 18:39:00.170,1.309,1.30919,1.50,1.00
2018.03.26 18:39:00.544,1.309,1.30919,1.50,1.13
2018.03.26 18:39:02.030,1.30902,1.30919,1.00,1.12
2018.03.26 18:39:02.860,1.309,1.30918,1.00,1.12
2018.03.26 18:39:04.086,1.30901,1.30919,1.00,2.63
2018.03.26 18:39:04.832,1.30901,1.3092,1.00,2.06
2018.03.26 18:39:22.788,1.30901,1.30919,1.00,1.00
2018.03.26 18:39:24.004,1.30902,1.3092,1.00,1.12
2018.03.26 18:39:27.623,1.30902,1.3092,1.00,1.50
2018.03.26 18:39:45.448,1.30901,1.3092,1.00,1.69
2018.03.26 18:39:49.972,1.30903,1.3092,1.00,1.12
2018.03.26 18:39:53.778,1.30904,1.3092,1.00,1.00
2018.03.26 18:40:00.390,1.30904,1.30924,1.12,2.06
2018.03.26 18:40:00.493,1.30909,1.30926,1.00,1.00
2018.03.26 18:40:00.804,1.30912,1.30929,1.00,1.12
2018.03.26 18:40:02.397,1.30912,1.30926,1.00,1.00
2018.03.26 18:40:04.461,1.3091,1.30927,1.00,1.50
2018.03.26 18:40:08.935,1.30911,1.30927,1.00,1.00
2018.03.26 18:40:09.453,1.30911,1.30929,1.00,1.88
2018.03.26 18:40:14.191,1.30911,1.30931,1.00,1.69
2018.03.26 18:40:14.836,1.30912,1.30931,1.00,1.69
2018.03.26 18:40:16.212,1.30911,1.30931,1.00,1.69
2018.03.26 18:40:18.109,1.30911,1.30931,1.00,2.19
2018.03.26 18:40:18.623,1.30912,1.30931,1.00,1.75
2018.03.26 18:40:26.805,1.30912,1.30932,1.00,1.31
2018.03.26 18:40:40.949,1.30913,1.30932,1.00,1.12
2018.03.26 18:40:51.630,1.30913,1.30931,1.00,1.13
2018.03.26 18:40:51.899,1.3091,1.3093,1.00,2.81
2018.03.26 18:40:52.816,1.30909,1.30929,1.00,1.13
2018.03.26 18:40:54.712,1.30909,1.30928,1.00,1.12
2018.03.26 18:41:12.679,1.30908,1.30928,1.50,1.75
2018.03.26 18:41:13.438,1.30908,1.30927,1.50,2.00
2018.03.26 18:41:23.187,1.30908,1.30929,1.12,1.50
2018.03.26 18:41:30.036,1.30909,1.30926,1.12,1.00
2018.03.26 18:41:31.248,1.30909,1.3093,1.12,1.31
2018.03.26 18:41:33.750,1.30911,1.3093,1.00,1.31
2018.03.26 18:41:53.521,1.30911,1.3093,1.00,1.00
2018.03.26 18:41:54.707,1.30911,1.3093,1.50,1.00
2018.03.26 18:41:58.285,1.30911,1.30931,1.75,1.12
2018.03.26 18:42:23.351,1.30912,1.30931,1.12,1.00
2018.03.26 18:42:37.827,1.30912,1.30933,1.12,1.50
2018.03.26 18:42:37.880,1.30911,1.30932,1.50,1.13
2018.03.26 18:42:43.588,1.30911,1.30931,1.75,1.00
2018.03.26 18:42:45.092,1.30911,1.30931,1.12,1.00
2018.03.26 18:42:52.734,1.30911,1.30933,1.75,2.06
2018.03.26 18:42:54.213,1.30911,1.30933,1.50,1.12
2018.03.26 18:43:09.096,1.30911,1.30932,1.12,1.75
2018.03.26 18:43:10.676,1.30911,1.30932,1.00,1.87
2018.03.26 18:43:12.186,1.3091,1.3093,1.12,1.12
2018.03.26 18:43:13.532,1.3091,1.3093,1.00,2.44
2018.03.26 18:43:14.035,1.3091,1.3093,1.12,1.12
2018.03.26 18:43:17.865,1.3091,1.3093,1.50,1.87
2018.03.26 18:43:22.282,1.3091,1.3093,1.87,1.75
2018.03.26 18:43:36.454,1.3091,1.30929,1.00,2.25
2018.03.26 18:43:36.505,1.30908,1.30929,1.12,3.56
2018.03.26 18:43:37.012,1.30908,1.30929,1.00,3.75
2018.03.26 18:43:47.215,1.30908,1.30925,1.00,1.50
2018.03.26 18:43:50.267,1.30908,1.30925,1.00,1.12
2018.03.26 18:44:11.812,1.30906,1.30925,1.00,1.87
2018.03.26 18:44:20.800,1.30906,1.30925,1.00,1.87
2018.03.26 18:44:48.449,1.30907,1.30925,1.00,1.12
2018.03.26 18:44:53.255,1.30907,1.30925,1.00,1.00
2018.03.26 18:44:57.749,1.30906,1.30925,1.00,1.00
2018.03.26 18:45:04.191,1.30906,1.30926,1.00,1.12
2018.03.26 18:45:16.028,1.30906,1.30926,1.12,1.12
2018.03.26 18:45:35.082,1.30905,1.30925,1.12,1.12
2018.03.26 18:45:51.532,1.30905,1.30925,1.00,2.25
2018.03.26 18:46:04.669,1.30906,1.30924,1.00,1.12
2018.03.26 18:46:09.511,1.30906,1.30926,1.00,1.87
2018.03.26 18:46:10.845,1.30906,1.30923,1.00,1.00
2018.03.26 18:46:11.350,1.30906,1.30926,1.00,2.62
2018.03.26 18:46:22.065,1.30908,1.30926,1.00,1.87
2018.03.26 18:46:22.249,1.30911,1.3093,1.12,1.87
2018.03.26 18:46:22.502,1.30913,1.3093,1.00,1.37
2018.03.26 18:46:24.149,1.30912,1.3093,1.00,1.37
2018.03.26 18:46:32.762,1.30912,1.3093,1.00,1.87
2018.03.26 18:46:33.283,1.30911,1.3093,1.00,2.62
2018.03.26 18:46:34.711,1.30911,1.30926,1.00,1.00
2018.03.26 18:46:37.794,1.3091,1.30926,1.00,1.00
2018.03.26 18:46:53.247,1.30909,1.30926,1.00,1.00
2018.03.26 18:46:53.820,1.30909,1.30926,1.00,1.50
2018.03.26 18:47:33.449,1.30908,1.30926,1.00,1.50
2018.03.26 18:47:40.261,1.30908,1.30928,1.00,1.37
2018.03.26 18:47:47.822,1.30908,1.30928,2.44,1.00
2018.03.26 18:47:48.133,1.30912,1.30931,1.00,1.37
2018.03.26 18:47:49.675,1.30912,1.3093,1.00,1.87
2018.03.26 18:47:52.647,1.30911,1.3093,1.00,1.50
2018.03.26 18:47:53.505,1.30911,1.3093,1.00,1.87
2018.03.26 18:47:54.154,1.30911,1.3093,1.00,1.12
2018.03.26 18:48:03.218,1.30909,1.30929,1.87,1.12
2018.03.26 18:48:05.177,1.30909,1.30926,2.81,1.00
2018.03.26 18:48:06.753,1.30909,1.30929,2.81,1.12
2018.03.26 18:48:08.587,1.30909,1.30929,2.25,1.37
2018.03.26 18:48:17.933,1.30909,1.30929,1.69,2.25
2018.03.26 18:48:19.620,1.30909,1.30925,1.69,1.00
2018.03.26 18:48:55.432,1.30909,1.30929,1.87,1.12
2018.03.26 18:48:57.191,1.3091,1.30929,1.00,1.12
2018.03.26 18:49:01.190,1.3091,1.30929,1.50,1.00
2018.03.26 18:49:10.891,1.30911,1.3093,1.50,1.50
2018.03.26 18:49:12.823,1.30913,1.3093,1.00,1.12
2018.03.26 18:49:15.741,1.30913,1.3093,1.00,1.50
2018.03.26 18:49:16.016,1.30911,1.3093,1.12,1.50
2018.03.26 18:49:45.353,1.30912,1.3093,1.00,1.50
2018.03.26 18:49:50.910,1.30912,1.3093,1.12,1.12
2018.03.26 18:50:11.717,1.30913,1.30931,1.00,1.00
2018.03.26 18:50:13.880,1.30913,1.30933,1.00,1.50
2018.03.26 18:50:15.009,1.30914,1.30934,1.00,1.50
2018.03.26 18:50:24.151,1.30913,1.30934,1.00,1.12
2018.03.26 18:50:45.656,1.30913,1.30933,1.00,1.87
2018.03.26 18:50:47.690,1.30911,1.30931,1.12,1.13
2018.03.26 18:50:49.093,1.30911,1.30931,1.00,2.25
2018.03.26 18:51:01.544,1.30911,1.30931,1.00,2.25
2018.03.26 18:51:01.958,1.30911,1.30931,1.00,2.06
2018.03.26 18:51:03.932,1.30911,1.30931,1.00,3.00
2018.03.26 18:51:13.946,1.30911,1.30927,1.00,1.00
2018.03.26 18:51:18.327,1.30911,1.30929,1.00,1.37
2018.03.26 18:51:19.383,1.30909,1.30929,1.00,1.37
2018.03.26 18:51:29.383,1.30909,1.30929,1.87,1.00
2018.03.26 18:51:36.610,1.30909,1.30929,1.50,1.12
2018.03.26 18:51:39.933,1.30908,1.30926,1.12,1.12
2018.03.26 18:51:47.740,1.30909,1.30929,1.50,1.63
2018.03.26 18:51:48.905,1.30909,1.3093,1.75,1.37
2018.03.26 18:52:02.078,1.30911,1.30931,1.69,1.50
2018.03.26 18:52:02.332,1.30916,1.30936,1.12,1.00
2018.03.26 18:52:02.383,1.30918,1.30936,1.00,1.00
2018.03.26 18:52:02.693,1.3092,1.30938,1.00,1.50
2018.03.26 18:52:03.455,1.3092,1.30938,1.00,1.75
2018.03.26 18:52:03.689,1.30918,1.30935,1.12,1.00
2018.03.26 18:52:47.549,1.30917,1.30935,1.00,1.00
2018.03.26 18:52:51.688,1.30917,1.30938,1.00,1.12
2018.03.26 18:52:52.013,1.30919,1.30939,1.12,1.31
2018.03.26 18:52:55.620,1.30919,1.30939,1.00,2.06
2018.03.26 18:52:57.268,1.30919,1.30935,1.00,1.00
2018.03.26 18:53:06.736,1.30919,1.30939,1.00,1.31
2018.03.26 18:53:09.388,1.30919,1.30935,1.00,1.00
2018.03.26 18:53:11.580,1.30919,1.30939,1.12,1.12
2018.03.26 18:53:20.947,1.3092,1.30938,1.00,1.37
2018.03.26 18:53:21.975,1.3092,1.3094,1.12,1.12
2018.03.26 18:53:22.480,1.30921,1.3094,1.00,1.87
2018.03.26 18:53:22.531,1.30919,1.3094,1.87,1.12
2018.03.26 18:53:28.678,1.30919,1.30939,1.87,1.00
2018.03.26 18:53:30.656,1.30924,1.30942,1.00,3.00
2018.03.26 18:53:30.708,1.30924,1.30942,1.00,1.00
2018.03.26 18:53:31.305,1.30925,1.30944,1.00,1.50
2018.03.26 18:53:31.823,1.30925,1.30943,1.00,1.37
2018.03.26 18:53:40.244,1.30923,1.30943,1.00,1.38
2018.03.26 18:53:40.900,1.30923,1.3094,1.00,1.00
2018.03.26 18:53:56.426,1.30921,1.3094,1.00,1.75
2018.03.26 18:53:57.373,1.3092,1.30939,2.25,1.50
2018.03.26 18:54:00.140,1.3092,1.30939,1.00,2.06
2018.03.26 18:54:01.757,1.30919,1.30936,1.00,1.12
2018.03.26 18:54:04.679,1.30918,1.30936,1.87,1.12
2018.03.26 18:54:09.498,1.30918,1.30937,1.50,1.12
2018.03.26 18:54:11.282,1.30917,1.30935,1.00,1.50
2018.03.26 18:54:14.170,1.30917,1.30935,1.12,1.12
2018.03.26 18:54:25.802,1.30918,1.30939,1.00,1.87
2018.03.26 18:54:27.462,1.30919,1.30939,1.00,1.87
2018.03.26 18:54:28.748,1.30918,1.30939,1.00,2.25
2018.03.26 18:54:29.300,1.30918,1.30937,1.00,1.12
2018.03.26 18:54:30.289,1.30918,1.30935,1.00,1.00
2018.03.26 18:54:34.711,1.30918,1.30939,1.00,1.75
2018.03.26 18:54:35.313,1.30918,1.30939,1.00,2.25
2018.03.26 18:54:36.450,1.3092,1.30939,1.00,2.44
2018.03.26 18:54:38.254,1.3092,1.30939,1.00,2.06
2018.03.26 18:54:46.980,1.30919,1.30938,1.00,1.12
2018.03.26 18:54:48.490,1.3092,1.30938,1.00,1.12
2018.03.26 18:54:49.188,1.30919,1.30938,1.00,1.12
2018.03.26 18:54:50.894,1.30919,1.30935,1.00,1.00
2018.03.26 18:54:54.289,1.30919,1.30938,1.00,1.12
2018.03.26 18:54:55.420,1.30918,1.30939,1.87,1.69
2018.03.26 18:54:56.852,1.30918,1.30936,1.87,1.00
2018.03.26 18:55:00.750,1.30918,1.30939,1.87,1.69
2018.03.26 18:55:03.528,1.30918,1.30936,1.12,1.00
2018.03.26 18:55:08.904,1.30918,1.30938,1.12,1.50
2018.03.26 18:55:09.257,1.30918,1.30936,1.12,1.00
2018.03.26 18:55:09.309,1.30918,1.30938,1.12,1.50
2018.03.26 18:55:09.986,1.30919,1.30939,1.12,1.50
2018.03.26 18:55:18.323,1.30919,1.30939,3.19,1.12
2018.03.26 18:55:19.455,1.3092,1.30939,2.00,1.00
2018.03.26 18:55:21.366,1.30919,1.30939,2.44,1.12
2018.03.26 18:55:34.700,1.30919,1.3094,1.50,1.75
2018.03.26 18:55:35.853,1.30918,1.30939,1.87,1.50
2018.03.26 18:55:36.647,1.30918,1.30936,1.87,1.00
2018.03.26 18:55:38.314,1.30917,1.30936,1.12,1.00
2018.03.26 18:55:41.744,1.30917,1.30936,1.00,1.50
2018.03.26 18:56:01.592,1.30917,1.30936,1.00,2.25
2018.03.26 18:56:08.008,1.30916,1.30936,1.87,2.25
2018.03.26 18:56:17.635,1.30916,1.30935,3.19,1.00
2018.03.26 18:56:18.226,1.30916,1.30936,3.19,1.12
2018.03.26 18:56:35.508,1.30916,1.30936,1.87,1.12
2018.03.26 18:56:44.292,1.30915,1.30935,2.44,1.00
2018.03.26 18:56:47.663,1.30915,1.30935,1.75,1.00
2018.03.26 18:56:48.339,1.30916,1.30935,3.94,1.00
2018.03.26 18:56:49.514,1.30919,1.30935,1.00,1.00
2018.03.26 18:56:56.319,1.30919,1.30937,1.00,1.00
2018.03.26 18:56:58.869,1.3092,1.30937,1.50,1.00
2018.03.26 18:56:58.920,1.3092,1.30939,1.50,1.50
2018.03.26 18:57:04.141,1.3092,1.30939,1.00,1.12
2018.03.26 18:57:11.702,1.30921,1.30941,1.00,1.87
2018.03.26 18:57:16.443,1.3092,1.30941,1.87,2.06
2018.03.26 18:57:22.441,1.30921,1.30939,1.00,1.12
2018.03.26 18:57:22.492,1.30919,1.30939,1.12,1.75
2018.03.26 18:57:22.851,1.30919,1.30939,1.00,2.00
2018.03.26 18:57:24.053,1.30918,1.30939,1.00,2.00
2018.03.26 18:57:24.156,1.30918,1.30939,1.12,1.50
2018.03.26 18:57:24.535,1.30918,1.30938,1.12,1.75
2018.03.26 18:57:41.598,1.30918,1.30938,1.12,1.00
2018.03.26 18:57:41.706,1.30919,1.30939,1.50,1.50
2018.03.26 18:57:42.282,1.30921,1.3094,1.12,1.87
2018.03.26 18:57:43.846,1.30921,1.3094,1.50,1.50
2018.03.26 18:57:50.073,1.30921,1.30941,2.44,1.12
2018.03.26 18:57:50.855,1.30924,1.30941,1.00,1.12
2018.03.26 18:57:59.103,1.30924,1.30943,1.50,2.44
2018.03.26 18:57:59.622,1.30924,1.30946,1.94,2.25
2018.03.26 18:58:00.396,1.30926,1.30945,1.12,1.00
2018.03.26 18:58:03.124,1.30926,1.30945,1.50,1.50
2018.03.26 18:58:14.673,1.30927,1.30945,1.00,1.50
2018.03.26 18:58:16.651,1.30927,1.30945,1.12,1.00
2018.03.26 18:58:24.362,1.30927,1.30946,2.62,1.00
2018.03.26 18:58:24.414,1.30931,1.30948,1.87,1.00
2018.03.26 18:58:24.466,1.30932,1.30952,3.19,1.00
2018.03.26 18:58:25.013,1.30934,1.30954,1.31,1.50
2018.03.26 18:58:25.951,1.30934,1.30954,1.12,1.12
2018.03.26 18:58:27.131,1.30934,1.30954,1.12,2.81
2018.03.26 18:58:27.730,1.30934,1.30953,1.00,1.87
2018.03.26 18:58:28.750,1.30934,1.30951,1.00,1.00
2018.03.26 18:58:30.298,1.30932,1.30951,1.12,1.00
2018.03.26 18:58:39.957,1.30932,1.30951,1.31,1.00
2018.03.26 18:58:41.128,1.30932,1.30951,1.94,1.00
2018.03.26 18:58:42.638,1.30933,1.30953,1.69,1.00
2018.03.26 18:58:42.690,1.30933,1.30953,3.19,1.00
2018.03.26 18:58:43.800,1.30934,1.30954,4.31,1.00
2018.03.26 18:58:43.976,1.30934,1.30954,3.19,1.00
2018.03.26 18:58:44.633,1.30934,1.30955,4.31,1.12
2018.03.26 18:58:45.393,1.30935,1.30956,2.06,3.00
2018.03.26 18:58:46.260,1.30935,1.30956,1.69,3.00
2018.03.26 18:58:47.018,1.30935,1.30956,2.06,2.62
2018.03.26 18:59:02.405,1.30936,1.30956,1.75,1.87
2018.03.26 18:59:02.975,1.30936,1.30956,2.19,1.87
2018.03.26 18:59:09.858,1.30936,1.30956,1.94,1.87
2018.03.26 18:59:14.972,1.30936,1.30956,1.12,1.87
2018.03.26 18:59:23.414,1.30936,1.30956,1.31,1.87
2018.03.26 18:59:24.533,1.30936,1.30956,1.31,1.12
2018.03.26 18:59:25.044,1.30935,1.30956,2.62,1.12
2018.03.26 18:59:32.609,1.30936,1.30956,1.94,1.00
2018.03.26 18:59:33.555,1.30937,1.30958,2.44,1.50
2018.03.26 18:59:33.609,1.3094,1.30961,2.81,1.12
2018.03.26 18:59:33.823,1.30943,1.30963,2.00,1.87
2018.03.26 18:59:34.027,1.30945,1.30965,2.25,1.50
2018.03.26 18:59:34.175,1.30948,1.30967,1.38,1.12
2018.03.26 18:59:34.278,1.30947,1.30967,2.06,1.12
2018.03.26 18:59:34.381,1.30948,1.30967,1.19,1.12
2018.03.26 18:59:34.915,1.30948,1.30967,1.25,1.12
2018.03.26 18:59:35.668,1.30948,1.30967,1.19,1.12
2018.03.26 18:59:36.705,1.30948,1.30969,2.06,1.87
2018.03.26 18:59:37.093,1.30951,1.30972,2.62,1.50
2018.03.26 18:59:38.627,1.30952,1.30972,1.25,1.87
2018.03.26 18:59:40.211,1.3095,1.30971,3.19,1.00
2018.03.26 18:59:40.262,1.3095,1.30968,1.12,1.12
2018.03.26 18:59:40.365,1.30944,1.30963,2.44,1.00
2018.03.26 18:59:41.066,1.30941,1.30962,1.12,1.12
2018.03.26 18:59:45.814,1.30942,1.30962,2.44,1.00
2018.03.26 18:59:45.917,1.30945,1.30965,1.94,1.12
2018.03.26 18:59:46.424,1.30945,1.30966,1.94,1.12
2018.03.26 18:59:47.428,1.30945,1.30966,1.69,1.75
2018.03.26 18:59:52.042,1.30945,1.30965,1.00,1.50
2018.03.26 18:59:52.369,1.30945,1.30963,1.00,1.50
2018.03.26 18:59:53.769,1.30943,1.30963,1.87,1.50
2018.03.26 18:59:54.953,1.30941,1.30961,3.56,1.00
2018.03.26 18:59:55.490,1.30941,1.3096,1.87,1.12
2018.03.26 18:59:56.131,1.30941,1.3096,1.00,1.50
2018.03.26 18:59:56.971,1.3094,1.3096,1.00,1.50
2018.03.26 18:59:57.649,1.30938,1.3096,2.62,1.50
2018.03.26 18:59:58.360,1.30938,1.3096,2.81,1.50
2018.03.26 18:59:59.505,1.30938,1.30959,1.87,1.12
