2011.06.10 05:00:14.399,1.23099,1.23132,1.50,1.50
2011.06.10 05:00:14.509,1.23099,1.23132,1.50,1.50
2011.06.10 05:00:21.769,1.23099,1.23131,1.50,1.13
2011.06.10 05:00:22.099,1.23088,1.23124,3.00,1.50
2011.06.10 05:00:24.549,1.23089,1.23129,3.00,1.13
2011.06.10 05:00:37.585,1.23091,1.23128,2.63,2.63
2011.06.10 05:00:37.698,1.23091,1.23128,2.63,2.63
2011.06.10 05:00:56.780,1.23089,1.23124,3.00,1.13
2011.06.10 05:00:57.155,1.23089,1.23125,2.25,1.13
2011.06.10 05:00:57.272,1.23076,1.23125,1.13,1.13
2011.06.10 05:01:05.468,1.23076,1.23112,1.13,2.25
2011.06.10 05:01:05.689,1.2307,1.23111,2.63,1.50
2011.06.10 05:01:12.365,1.23069,1.23107,4.13,2.25
2011.06.10 05:01:12.590,1.23064,1.23107,3.00,3.00
2011.06.10 05:01:29.801,1.23067,1.23125,1.13,1.13
2011.06.10 05:01:33.908,1.23063,1.23114,3.75,1.50
2011.06.10 05:01:34.239,1.23064,1.23107,3.00,3.00
2011.06.10 05:02:11.538,1.23069,1.23111,6.75,3.75
2011.06.10 05:03:06.476,1.2307,1.23109,2.63,2.63
2011.06.10 05:04:56.395,1.23071,1.23109,2.63,2.63
2011.06.10 05:06:34.810,1.23069,1.23108,3.00,1.13
2011.06.10 05:07:29.704,1.23064,1.23108,2.63,3.38
2011.06.10 05:08:24.705,1.23063,1.23108,3.00,3.38
2011.06.10 05:08:38.580,1.23068,1.23108,3.00,1.13
2011.06.10 05:08:46.610,1.23063,1.23108,3.00,3.00
2011.06.10 05:08:56.509,1.23068,1.23112,3.75,3.75
2011.06.10 05:09:51.452,1.23072,1.2311,2.63,2.63
2011.06.10 05:10:33.209,1.23072,1.23111,2.63,2.63
2011.06.10 05:11:27.199,1.23068,1.23101,1.50,2.25
2011.06.10 05:11:27.309,1.23063,1.23101,2.63,3.00
2011.06.10 05:11:29.911,1.23063,1.23099,2.63,2.63
2011.06.10 05:11:34.718,1.23059,1.23096,2.63,2.25
2011.06.10 05:11:34.831,1.23059,1.23091,6.38,2.25
2011.06.10 05:11:48.218,1.23058,1.23093,4.88,2.63
2011.06.10 05:11:53.231,1.23059,1.23091,4.50,2.25
2011.06.10 05:12:45.010,1.23063,1.23091,2.63,2.25
2011.06.10 05:13:04.261,1.23059,1.23091,6.38,3.00
2011.06.10 05:13:04.481,1.23059,1.23091,5.63,3.00
2011.06.10 05:13:06.732,1.23063,1.23088,1.88,3.38
2011.06.10 05:13:06.842,1.23046,1.23088,1.13,3.38
2011.06.10 05:13:10.620,1.23044,1.23081,2.63,2.63
2011.06.10 05:13:19.700,1.23031,1.23054,1.50,1.13
2011.06.10 05:13:19.810,1.23027,1.23054,1.13,1.13
2011.06.10 05:13:19.920,1.23008,1.23057,1.13,2.63
2011.06.10 05:13:48.061,1.23019,1.23059,3.00,1.13
2011.06.10 05:13:48.170,1.23019,1.23061,4.50,3.75
2011.06.10 05:14:52.299,1.23038,1.23074,1.50,1.13
2011.06.10 05:14:52.519,1.23038,1.23086,1.50,1.88
2011.06.10 05:14:53.003,1.23045,1.23094,1.88,1.13
2011.06.10 05:14:53.498,1.23045,1.23094,2.63,1.13
2011.06.10 05:14:56.762,1.23045,1.23104,2.63,1.13
2011.06.10 05:15:35.989,1.23044,1.23102,2.63,1.50
2011.06.10 05:16:21.103,1.23051,1.23099,1.13,1.13
2011.06.10 05:16:23.360,1.23052,1.23097,3.00,3.00
2011.06.10 05:17:18.261,1.23053,1.23097,2.63,3.00
2011.06.10 05:17:21.001,1.23055,1.23097,2.63,3.00
2011.06.10 05:17:21.385,1.23056,1.23103,1.13,1.13
2011.06.10 05:17:22.712,1.23056,1.23103,1.13,1.13
2011.06.10 05:17:23.420,1.23046,1.23103,1.13,1.13
2011.06.10 05:19:13.221,1.23046,1.23103,1.13,1.13
2011.06.10 05:20:08.231,1.23046,1.23103,1.13,1.13
2011.06.10 05:21:03.377,1.23046,1.23103,1.13,1.13
2011.06.10 05:21:06.681,1.23046,1.23103,1.13,1.13
2011.06.10 05:21:14.260,1.23046,1.23103,1.13,1.13
2011.06.10 05:22:09.160,1.23046,1.23103,1.13,1.13
2011.06.10 05:22:39.202,1.23046,1.23103,1.13,1.13
2011.06.10 05:23:05.230,1.23046,1.23103,1.13,1.13
2011.06.10 05:24:00.260,1.23046,1.23103,1.13,1.13
2011.06.10 05:24:57.931,1.23034,1.23097,1.88,1.13
2011.06.10 05:24:59.961,1.23043,1.23104,2.25,1.13
2011.06.10 05:25:00.070,1.23043,1.23104,3.00,1.13
2011.06.10 05:25:16.451,1.23044,1.23104,2.63,1.13
2011.06.10 05:25:18.210,1.23043,1.23103,3.00,1.13
2011.06.10 05:25:19.701,1.23038,1.23103,1.50,1.13
2011.06.10 05:25:23.271,1.23006,1.23103,1.13,1.13
2011.06.10 05:25:26.102,1.23025,1.23087,1.13,1.88
2011.06.10 05:25:27.220,1.23025,1.23104,3.00,1.13
2011.06.10 05:26:18.100,1.23052,1.23104,2.25,1.13
2011.06.10 05:26:18.211,1.23056,1.23103,1.13,1.13
2011.06.10 05:27:12.879,1.23056,1.23103,1.13,1.13
2011.06.10 05:27:33.561,1.23044,1.23093,1.13,1.13
2011.06.10 05:27:33.671,1.23013,1.23094,1.88,1.13
2011.06.10 05:27:37.810,1.2302,1.23103,1.13,1.13
2011.06.10 05:27:42.571,1.23024,1.23107,1.13,1.88
2011.06.10 05:28:38.222,1.23034,1.23116,1.13,1.88
2011.06.10 05:29:18.162,1.23029,1.23104,1.13,1.13
2011.06.10 05:29:57.331,1.23026,1.23104,1.13,1.13
2011.06.10 05:30:23.182,1.23036,1.23103,1.13,1.13
2011.06.10 05:30:44.561,1.23036,1.23103,1.13,1.13
2011.06.10 05:31:45.757,1.23036,1.23123,1.13,1.13
2011.06.10 05:32:15.932,1.23035,1.23094,1.13,1.13
2011.06.10 05:32:28.123,1.23036,1.23086,1.13,1.13
2011.06.10 05:32:28.231,1.23036,1.23083,1.13,1.13
2011.06.10 05:32:38.201,1.23039,1.23081,5.25,2.25
2011.06.10 05:32:42.007,1.23059,1.23081,1.50,2.25
2011.06.10 05:32:42.124,1.23042,1.23087,3.38,3.00
2011.06.10 05:32:45.681,1.23039,1.23081,5.25,2.25
2011.06.10 05:32:58.170,1.23039,1.23081,5.25,3.75
2011.06.10 05:32:58.281,1.23039,1.23077,3.00,2.25
2011.06.10 05:32:58.735,1.23038,1.23077,3.00,3.00
2011.06.10 05:33:09.561,1.23038,1.23077,3.00,3.75
2011.06.10 05:33:11.274,1.23038,1.23076,3.00,1.50
2011.06.10 05:33:16.332,1.23048,1.23077,1.50,3.00
2011.06.10 05:33:17.771,1.23039,1.23081,3.00,3.00
2011.06.10 05:33:19.382,1.23038,1.23074,5.25,1.50
2011.06.10 05:33:21.821,1.23038,1.23074,3.00,1.50
2011.06.10 05:33:26.511,1.23029,1.23071,4.50,4.50
2011.06.10 05:33:26.620,1.23029,1.23071,4.50,5.25
2011.06.10 05:33:29.791,1.23038,1.23072,1.50,3.00
2011.06.10 05:33:33.741,1.23038,1.23072,1.50,5.25
2011.06.10 05:33:33.851,1.23029,1.23071,4.13,3.00
2011.06.10 05:33:33.961,1.23029,1.23067,2.25,3.00
2011.06.10 05:33:40.242,1.23019,1.23061,4.88,3.00
2011.06.10 05:34:06.062,1.23019,1.23057,2.25,3.00
2011.06.10 05:34:06.281,1.23019,1.23056,4.50,1.50
2011.06.10 05:34:06.501,1.23022,1.23061,2.63,3.75
2011.06.10 05:34:29.446,1.23023,1.23061,2.63,3.75
2011.06.10 05:35:03.211,1.23023,1.23061,1.88,3.75
2011.06.10 05:35:18.652,1.23024,1.23061,1.88,3.75
2011.06.10 05:35:58.176,1.23024,1.23061,1.88,3.75
2011.06.10 05:36:29.693,1.23009,1.23053,1.13,1.13
2011.06.10 05:36:32.730,1.23003,1.23054,3.00,1.13
2011.06.10 05:36:42.017,1.23003,1.23054,3.00,1.13
2011.06.10 05:36:42.456,1.23006,1.23053,1.13,1.13
2011.06.10 05:36:42.844,1.23003,1.23053,2.63,1.13
2011.06.10 05:37:09.712,1.23006,1.23053,1.13,1.13
2011.06.10 05:37:11.643,1.23006,1.23053,1.13,1.13
2011.06.10 05:37:41.416,1.23006,1.23053,1.13,1.13
2011.06.10 05:37:45.912,1.23004,1.23053,2.25,1.13
2011.06.10 05:37:50.161,1.22999,1.23031,4.50,3.00
2011.06.10 05:37:50.272,1.22999,1.23031,3.75,3.00
2011.06.10 05:37:52.865,1.22999,1.23031,1.13,3.00
2011.06.10 05:37:53.083,1.23003,1.23041,3.00,1.50
2011.06.10 05:37:53.521,1.23004,1.23054,2.25,1.13
2011.06.10 05:38:01.031,1.23005,1.23054,1.13,1.13
2011.06.10 05:38:56.054,1.23004,1.23051,1.13,1.13
2011.06.10 05:39:43.362,1.22998,1.23032,3.00,1.13
2011.06.10 05:39:43.876,1.22987,1.23027,1.13,2.25
2011.06.10 05:39:48.441,1.23002,1.23035,1.13,1.50
2011.06.10 05:39:48.664,1.23001,1.23049,1.13,1.13
2011.06.10 05:39:49.340,1.23001,1.23049,3.00,1.13
2011.06.10 05:39:49.564,1.23003,1.23053,1.13,1.13
2011.06.10 05:39:49.672,1.23003,1.2306,1.50,1.13
2011.06.10 05:40:04.241,1.23003,1.2306,1.13,1.13
2011.06.10 05:40:04.572,1.22999,1.23031,2.25,2.25
2011.06.10 05:40:07.942,1.23002,1.23031,1.13,2.25
2011.06.10 05:40:08.053,1.23002,1.23043,1.13,1.13
2011.06.10 05:40:14.472,1.23003,1.2305,1.50,1.13
2011.06.10 05:40:28.582,1.23002,1.23059,1.13,1.13
2011.06.10 05:40:40.442,1.23003,1.23046,1.13,1.50
2011.06.10 05:40:40.663,1.22999,1.23037,2.25,2.25
2011.06.10 05:40:45.533,1.23019,1.23051,3.00,4.13
2011.06.10 05:40:45.642,1.23019,1.23062,3.00,3.00
2011.06.10 05:40:48.902,1.23018,1.23059,2.25,1.13
2011.06.10 05:40:55.922,1.23019,1.23062,3.75,3.00
2011.06.10 05:40:56.642,1.23003,1.23062,2.63,1.13
2011.06.10 05:41:00.002,1.23013,1.23062,1.13,1.13
2011.06.10 05:41:03.482,1.23026,1.23067,3.00,1.58
2011.06.10 05:41:04.053,1.23016,1.23062,1.13,1.13
2011.06.10 05:41:04.272,1.23014,1.23061,2.25,1.13
2011.06.10 05:41:06.630,1.23013,1.23062,1.13,1.13
2011.06.10 05:41:07.345,1.23018,1.23062,2.25,1.13
2011.06.10 05:41:09.552,1.23019,1.23059,2.25,3.00
2011.06.10 05:42:04.622,1.23019,1.23059,2.25,3.00
2011.06.10 05:42:06.682,1.23022,1.23061,3.00,3.00
2011.06.10 05:42:07.663,1.23018,1.23059,2.25,3.00
2011.06.10 05:42:13.584,1.23028,1.23062,1.50,3.00
2011.06.10 05:42:38.463,1.23026,1.2306,1.50,3.00
2011.06.10 05:42:38.573,1.23021,1.23061,2.63,3.00
2011.06.10 05:42:44.653,1.23026,1.23061,1.50,3.00
2011.06.10 05:42:44.763,1.23027,1.23061,1.50,3.00
2011.06.10 05:42:57.044,1.23029,1.23061,1.50,3.00
2011.06.10 05:43:00.232,1.23028,1.23069,6.00,2.63
2011.06.10 05:44:03.293,1.23032,1.23068,2.63,2.63
2011.06.10 05:45:05.762,1.23031,1.23069,2.63,2.63
2011.06.10 05:45:47.293,1.23038,1.23072,1.50,4.50
2011.06.10 05:47:35.533,1.23033,1.23069,2.63,1.88
2011.06.10 05:47:37.803,1.23033,1.23077,1.13,3.38
2011.06.10 05:47:45.613,1.23035,1.23097,1.13,1.88
2011.06.10 05:47:48.773,1.23035,1.23104,1.13,1.13
2011.06.10 05:47:49.102,1.23053,1.23119,3.38,1.13
2011.06.10 05:47:49.212,1.23056,1.23119,1.13,1.13
2011.06.10 05:47:50.233,1.23056,1.23097,1.13,3.00
2011.06.10 05:48:21.663,1.23054,1.231,2.63,1.13
2011.06.10 05:48:21.883,1.23055,1.23117,1.13,1.88
2011.06.10 05:48:53.793,1.23056,1.23123,1.13,1.13
2011.06.10 05:48:58.303,1.23056,1.23123,1.13,1.13
2011.06.10 05:49:12.015,1.23056,1.23107,1.13,1.13
2011.06.10 05:49:41.403,1.23057,1.23124,1.13,1.13
2011.06.10 05:49:48.913,1.23089,1.23124,2.25,1.13
2011.06.10 05:49:49.023,1.23089,1.23126,3.00,1.50
2011.06.10 05:49:49.353,1.23079,1.23124,1.50,1.13
2011.06.10 05:49:49.572,1.23073,1.23125,1.88,1.13
2011.06.10 05:49:50.693,1.23084,1.23127,1.13,1.88
2011.06.10 05:49:51.023,1.23089,1.23131,3.00,3.00
2011.06.10 05:49:53.814,1.23086,1.23124,1.50,1.13
2011.06.10 05:49:53.923,1.23074,1.23124,1.88,1.13
2011.06.10 05:49:55.904,1.23089,1.23125,2.25,1.13
2011.06.10 05:49:56.013,1.23089,1.23125,3.75,1.13
2011.06.10 05:50:02.873,1.23064,1.23126,1.88,1.13
2011.06.10 05:50:04.122,1.23076,1.23127,1.13,2.63
2011.06.10 05:50:07.664,1.23073,1.23127,1.88,1.50
2011.06.10 05:50:10.023,1.23084,1.23126,1.50,2.25
2011.06.10 05:50:10.242,1.23088,1.23127,1.50,1.50
2011.06.10 05:50:11.632,1.23051,1.23127,1.13,2.63
2011.06.10 05:50:14.104,1.23041,1.23112,1.13,3.75
2011.06.10 05:50:14.214,1.23041,1.23118,1.13,1.13
2011.06.10 05:50:14.433,1.2305,1.23126,1.13,2.25
2011.06.10 05:50:17.083,1.23043,1.23121,1.13,9.00
2011.06.10 05:50:18.572,1.23079,1.23121,1.13,9.00
2011.06.10 05:50:19.122,1.23053,1.23121,1.13,9.00
2011.06.10 05:50:20.522,1.23044,1.23121,1.13,9.00
2011.06.10 05:50:20.962,1.23073,1.23122,2.25,9.00
2011.06.10 05:50:21.293,1.23079,1.23121,1.13,9.00
2011.06.10 05:50:21.842,1.23052,1.23118,1.13,1.13
2011.06.10 05:50:21.952,1.23054,1.23116,3.00,1.13
2011.06.10 05:50:23.723,1.23084,1.23114,2.25,1.13
2011.06.10 05:50:23.943,1.23084,1.23113,3.00,1.13
2011.06.10 05:50:24.163,1.23063,1.23114,1.88,1.13
2011.06.10 05:50:26.393,1.23083,1.23113,2.25,1.13
2011.06.10 05:50:26.612,1.23083,1.23122,3.00,9.00
2011.06.10 05:50:26.722,1.23084,1.23122,1.50,9.00
2011.06.10 05:50:29.901,1.23088,1.23122,1.50,9.00
2011.06.10 05:50:30.121,1.23088,1.23122,1.50,9.00
2011.06.10 05:50:34.282,1.23096,1.23143,1.13,1.13
2011.06.10 05:50:47.483,1.23091,1.23143,1.50,1.13
2011.06.10 05:50:47.829,1.23058,1.23144,1.13,1.13
2011.06.10 05:50:51.662,1.2309,1.23144,1.50,1.13
2011.06.10 05:50:51.773,1.23095,1.23144,1.13,1.13
2011.06.10 05:51:06.992,1.23093,1.23138,3.00,3.38
2011.06.10 05:52:01.762,1.23093,1.23138,3.00,3.38
2011.06.10 05:52:38.993,1.23083,1.23126,4.88,3.00
2011.06.10 05:52:42.293,1.23089,1.23131,3.00,1.50
2011.06.10 05:52:43.684,1.23089,1.23131,3.00,1.50
2011.06.10 05:52:50.773,1.23088,1.23122,3.75,1.50
2011.06.10 05:53:03.683,1.2309,1.23132,2.63,5.63
2011.06.10 05:53:34.044,1.23093,1.23137,3.38,1.13
2011.06.10 05:53:50.934,1.23099,1.23138,4.50,1.13
2011.06.10 05:54:13.703,1.23098,1.23131,2.25,3.00
2011.06.10 05:54:37.432,1.23093,1.23131,1.88,1.50
2011.06.10 05:54:41.094,1.23093,1.23131,1.88,1.50
2011.06.10 05:54:44.011,1.23093,1.23131,2.63,1.50
2011.06.10 05:55:00.533,1.23094,1.23131,2.63,1.50
2011.06.10 05:55:55.610,1.23094,1.23131,2.63,3.38
2011.06.10 05:57:33.353,1.23106,1.23131,2.25,1.50
2011.06.10 05:57:33.464,1.23106,1.23133,2.25,1.50
2011.06.10 05:57:33.685,1.23105,1.2314,1.50,3.00
2011.06.10 05:57:33.904,1.23095,1.2314,3.00,3.00
2011.06.10 05:58:05.924,1.23085,1.2313,3.00,3.38
2011.06.10 05:58:09.595,1.23095,1.2314,2.25,3.38
2011.06.10 05:58:09.704,1.23095,1.2314,3.00,3.38
2011.06.10 05:59:04.742,1.23092,1.23131,2.63,1.50
