2015.08.12 08:00:00.648,1.41225,1.41246,1.00,1.00
2015.08.12 08:00:00.699,1.41225,1.41248,1.00,1.00
2015.08.12 08:00:00.922,1.41214,1.41247,1.00,1.00
2015.08.12 08:00:00.973,1.41211,1.41247,1.00,1.00
2015.08.12 08:00:01.176,1.41211,1.41249,1.00,1.00
2015.08.12 08:00:01.895,1.41208,1.41249,1.00,1.00
2015.08.12 08:00:02.155,1.41208,1.41239,1.00,1.00
2015.08.12 08:00:02.206,1.41205,1.41239,1.50,1.00
2015.08.12 08:00:02.607,1.41207,1.41239,1.00,1.00
2015.08.12 08:00:03.233,1.41205,1.41239,1.50,1.00
2015.08.12 08:00:03.385,1.41204,1.41231,1.03,1.00
2015.08.12 08:00:03.929,1.41204,1.4123,1.03,1.00
2015.08.12 08:00:04.574,1.41199,1.41232,1.00,1.00
2015.08.12 08:00:04.675,1.41199,1.41227,1.00,1.00
2015.08.12 08:00:04.882,1.41197,1.41227,1.50,1.00
2015.08.12 08:00:05.816,1.41198,1.41227,1.00,1.00
2015.08.12 08:00:05.867,1.41203,1.41227,1.00,1.00
2015.08.12 08:00:05.918,1.41203,1.41229,1.00,1.00
2015.08.12 08:00:06.120,1.41204,1.41231,1.00,1.00
2015.08.12 08:00:07.345,1.41212,1.41231,1.00,1.00
2015.08.12 08:00:07.396,1.41208,1.41239,1.00,1.00
2015.08.12 08:00:07.446,1.41207,1.41231,1.00,1.00
2015.08.12 08:00:07.552,1.41205,1.41231,1.50,1.00
2015.08.12 08:00:07.779,1.4121,1.41231,1.00,1.00
2015.08.12 08:00:08.068,1.41214,1.41238,1.00,1.00
2015.08.12 08:00:08.222,1.41214,1.4124,1.00,1.00
2015.08.12 08:00:12.142,1.41219,1.41239,1.00,1.00
2015.08.12 08:00:14.079,1.41218,1.41238,1.00,1.50
2015.08.12 08:00:14.408,1.41219,1.41235,1.00,1.00
2015.08.12 08:00:15.612,1.41219,1.41237,1.00,1.00
2015.08.12 08:00:16.179,1.4122,1.41237,1.00,1.00
2015.08.12 08:00:18.540,1.41217,1.41237,1.00,1.00
2015.08.12 08:00:18.641,1.41217,1.41232,1.00,1.00
2015.08.12 08:00:18.747,1.41215,1.41232,1.00,1.00
2015.08.12 08:00:18.901,1.41218,1.41232,1.00,1.00
2015.08.12 08:00:26.840,1.41216,1.41232,1.00,1.00
2015.08.12 08:00:29.123,1.41218,1.41232,1.00,1.00
2015.08.12 08:00:29.224,1.41219,1.41235,1.00,1.00
2015.08.12 08:00:29.858,1.41222,1.41244,1.00,1.00
2015.08.12 08:00:30.398,1.41223,1.41243,1.00,1.00
2015.08.12 08:00:31.203,1.41221,1.41237,1.00,1.00
2015.08.12 08:00:31.744,1.41221,1.41234,1.00,1.00
2015.08.12 08:00:36.237,1.41219,1.41234,1.00,1.00
2015.08.12 08:00:41.002,1.4122,1.41237,1.00,1.00
2015.08.12 08:00:41.589,1.4122,1.41236,1.00,1.00
2015.08.12 08:00:42.219,1.41219,1.41236,1.00,1.00
2015.08.12 08:00:42.846,1.41212,1.41227,1.00,1.00
2015.08.12 08:00:43.364,1.41211,1.41227,1.00,1.00
2015.08.12 08:00:44.758,1.41212,1.41227,1.00,1.00
2015.08.12 08:00:45.852,1.41211,1.41227,1.00,1.00
2015.08.12 08:00:46.633,1.41211,1.41225,1.00,1.00
2015.08.12 08:00:48.350,1.41211,1.41227,1.00,1.00
2015.08.12 08:00:48.771,1.4121,1.4123,1.00,1.00
2015.08.12 08:00:49.451,1.41206,1.41218,1.00,1.00
2015.08.12 08:00:49.552,1.41202,1.41218,1.00,1.00
2015.08.12 08:00:50.333,1.41199,1.41218,1.00,1.00
2015.08.12 08:00:50.930,1.41199,1.41214,1.00,1.00
2015.08.12 08:00:50.981,1.41197,1.41214,1.00,1.00
2015.08.12 08:00:51.683,1.41198,1.41214,1.00,1.00
2015.08.12 08:00:55.073,1.412,1.41214,1.00,1.50
2015.08.12 08:00:55.649,1.412,1.4122,1.00,1.00
2015.08.12 08:00:56.262,1.41201,1.41221,1.00,1.50
2015.08.12 08:00:57.163,1.41201,1.4122,1.00,1.00
2015.08.12 08:00:57.214,1.41201,1.41218,1.00,1.00
2015.08.12 08:00:58.432,1.41202,1.41218,1.00,1.00
2015.08.12 08:01:00.400,1.41199,1.41218,1.00,1.00
2015.08.12 08:01:00.502,1.41197,1.41215,1.00,1.00
2015.08.12 08:01:01.134,1.41184,1.41204,1.00,1.00
2015.08.12 08:01:01.387,1.41181,1.41198,1.00,1.00
2015.08.12 08:01:02.578,1.41179,1.41199,1.00,1.00
2015.08.12 08:01:02.698,1.41179,1.41195,1.00,1.00
2015.08.12 08:01:07.196,1.41176,1.41195,1.00,1.00
2015.08.12 08:01:08.400,1.41176,1.41194,1.00,1.00
2015.08.12 08:01:08.683,1.41176,1.41197,1.00,1.00
2015.08.12 08:01:09.288,1.41178,1.41197,1.00,1.00
2015.08.12 08:01:10.655,1.41176,1.41195,1.00,1.00
2015.08.12 08:01:11.309,1.41175,1.41195,1.00,1.50
2015.08.12 08:01:11.511,1.41172,1.41194,1.00,1.00
2015.08.12 08:01:13.382,1.41171,1.4119,1.00,1.00
2015.08.12 08:01:13.483,1.41169,1.41189,1.00,1.00
2015.08.12 08:01:14.444,1.41168,1.41188,1.00,1.00
2015.08.12 08:01:14.697,1.41165,1.41187,1.00,1.00
2015.08.12 08:01:15.477,1.41164,1.41186,1.00,1.50
2015.08.12 08:01:16.880,1.41164,1.41183,1.00,1.00
2015.08.12 08:01:21.331,1.41161,1.41181,1.03,1.00
2015.08.12 08:01:21.436,1.41159,1.41179,1.26,1.00
2015.08.12 08:01:21.538,1.41155,1.41175,1.00,1.00
2015.08.12 08:01:22.423,1.41154,1.41174,1.00,1.50
2015.08.12 08:01:23.807,1.41154,1.4117,1.00,1.00
2015.08.12 08:01:25.147,1.41153,1.4117,1.00,1.00
2015.08.12 08:01:25.458,1.4116,1.41172,1.00,1.00
2015.08.12 08:01:25.711,1.41159,1.41178,1.00,1.00
2015.08.12 08:01:25.913,1.41159,1.41176,1.00,1.00
2015.08.12 08:01:26.640,1.41158,1.41176,1.00,1.00
2015.08.12 08:01:28.327,1.41158,1.41173,1.00,1.00
2015.08.12 08:01:28.681,1.41156,1.41171,1.00,1.00
2015.08.12 08:01:29.873,1.41155,1.41171,1.00,1.00
2015.08.12 08:01:31.089,1.41156,1.41171,1.00,1.00
2015.08.12 08:01:31.401,1.41159,1.41171,1.00,1.00
2015.08.12 08:01:31.452,1.41159,1.41175,1.00,1.00
2015.08.12 08:01:32.508,1.41159,1.41177,1.00,1.00
2015.08.12 08:01:33.060,1.41158,1.41177,1.00,1.00
2015.08.12 08:01:34.716,1.41158,1.41179,1.00,1.00
2015.08.12 08:01:34.817,1.41163,1.41179,1.00,1.00
2015.08.12 08:01:34.968,1.41164,1.41184,1.00,1.00
2015.08.12 08:01:35.168,1.41166,1.41186,1.00,1.00
2015.08.12 08:01:36.517,1.41166,1.41185,1.00,1.00
2015.08.12 08:01:37.345,1.41166,1.41187,1.00,1.00
2015.08.12 08:01:38.253,1.41167,1.41187,1.00,1.00
2015.08.12 08:01:38.464,1.41167,1.41189,1.00,1.00
2015.08.12 08:01:38.991,1.41169,1.41189,1.00,1.00
2015.08.12 08:01:41.982,1.41169,1.41188,1.00,1.00
2015.08.12 08:01:42.498,1.41167,1.41188,1.00,1.00
2015.08.12 08:01:46.138,1.41168,1.41188,1.00,1.50
2015.08.12 08:01:46.302,1.41168,1.41184,1.00,1.00
2015.08.12 08:01:47.457,1.41167,1.41184,1.00,1.00
2015.08.12 08:01:48.318,1.41167,1.41183,1.00,1.00
2015.08.12 08:01:50.383,1.41167,1.41186,1.00,1.00
2015.08.12 08:01:50.875,1.41167,1.41188,1.00,1.00
2015.08.12 08:01:50.977,1.41169,1.41188,1.00,1.00
2015.08.12 08:01:52.128,1.41169,1.41189,1.00,1.50
2015.08.12 08:01:54.865,1.41169,1.41191,1.00,1.00
2015.08.12 08:01:57.550,1.4117,1.41192,1.00,1.00
2015.08.12 08:01:58.155,1.41168,1.41188,1.00,1.50
2015.08.12 08:01:58.706,1.41169,1.41189,1.00,1.00
2015.08.12 08:02:07.335,1.41168,1.41188,1.00,1.00
2015.08.12 08:02:07.847,1.41167,1.41187,1.00,1.50
2015.08.12 08:02:08.616,1.41161,1.41178,1.00,1.00
2015.08.12 08:02:09.140,1.4116,1.41178,1.00,1.00
2015.08.12 08:02:09.874,1.4116,1.41175,1.00,1.00
2015.08.12 08:02:13.019,1.41162,1.4118,1.00,1.00
2015.08.12 08:02:14.332,1.41162,1.41179,1.00,1.00
2015.08.12 08:02:14.433,1.4116,1.41179,1.00,1.00
2015.08.12 08:02:16.407,1.41161,1.41177,1.00,1.00
2015.08.12 08:02:19.631,1.41161,1.41185,1.00,1.50
2015.08.12 08:02:20.220,1.41163,1.41185,1.00,1.00
2015.08.12 08:02:20.524,1.41163,1.41183,1.00,1.00
2015.08.12 08:02:21.036,1.41162,1.41183,1.00,1.00
2015.08.12 08:02:21.559,1.41163,1.41183,1.00,1.00
2015.08.12 08:02:23.196,1.41165,1.41183,1.00,1.00
2015.08.12 08:02:23.248,1.41165,1.41186,1.00,1.00
2015.08.12 08:02:23.555,1.41165,1.41182,1.00,1.00
2015.08.12 08:02:24.120,1.41164,1.41182,1.00,1.00
2015.08.12 08:02:27.058,1.41163,1.41182,1.00,1.00
2015.08.12 08:02:28.163,1.41164,1.41182,1.00,1.00
2015.08.12 08:02:28.526,1.41164,1.41184,1.00,1.00
2015.08.12 08:02:30.216,1.41164,1.41186,1.00,1.00
2015.08.12 08:02:31.717,1.41164,1.41181,1.00,1.00
2015.08.12 08:02:32.230,1.41163,1.41181,1.00,1.00
2015.08.12 08:02:32.281,1.41163,1.41186,1.00,1.00
2015.08.12 08:02:32.899,1.41165,1.41187,1.00,1.00
2015.08.12 08:02:35.031,1.41165,1.41184,1.00,1.00
2015.08.12 08:02:37.355,1.41165,1.41185,1.00,1.00
2015.08.12 08:02:38.167,1.41164,1.41185,1.00,1.00
2015.08.12 08:02:38.741,1.41163,1.4118,1.00,1.00
2015.08.12 08:02:40.064,1.41163,1.41185,1.00,1.00
2015.08.12 08:02:43.948,1.41163,1.41183,1.00,1.00
2015.08.12 08:02:43.999,1.41163,1.41185,1.00,1.00
2015.08.12 08:02:45.426,1.41161,1.41185,1.00,1.50
2015.08.12 08:02:45.477,1.41161,1.41182,1.00,1.00
2015.08.12 08:02:45.780,1.4116,1.41176,1.00,1.00
2015.08.12 08:02:46.236,1.41161,1.4118,1.00,1.00
2015.08.12 08:02:47.206,1.41161,1.41177,1.00,1.00
2015.08.12 08:02:47.870,1.41161,1.41179,1.00,1.00
2015.08.12 08:02:48.460,1.41161,1.41178,1.00,1.00
2015.08.12 08:02:53.233,1.41161,1.41181,1.00,1.00
2015.08.12 08:02:54.614,1.41163,1.41185,1.00,1.50
2015.08.12 08:02:54.665,1.41161,1.41185,1.00,1.50
2015.08.12 08:02:54.766,1.41161,1.4118,1.00,1.00
2015.08.12 08:02:55.325,1.4116,1.4118,1.00,1.00
2015.08.12 08:02:56.131,1.41162,1.4118,1.00,1.00
2015.08.12 08:02:56.283,1.41164,1.41184,1.00,1.00
2015.08.12 08:02:56.903,1.41165,1.41184,1.00,1.00
2015.08.12 08:02:56.954,1.41171,1.41184,1.00,1.00
2015.08.12 08:02:58.079,1.41165,1.41186,1.00,1.00
2015.08.12 08:02:58.644,1.41166,1.41186,1.00,1.00
2015.08.12 08:02:59.220,1.41166,1.41184,1.00,1.00
2015.08.12 08:02:59.372,1.4117,1.4119,1.00,1.00
2015.08.12 08:02:59.874,1.4117,1.41192,1.00,1.50
2015.08.12 08:03:03.575,1.41171,1.41192,1.00,1.00
2015.08.12 08:03:03.902,1.41172,1.4119,1.00,1.00
2015.08.12 08:03:04.608,1.41173,1.41198,1.50,1.00
2015.08.12 08:03:04.709,1.41184,1.41198,1.00,1.00
2015.08.12 08:03:04.760,1.41184,1.41208,1.00,1.50
2015.08.12 08:03:05.118,1.41179,1.41209,1.00,1.00
2015.08.12 08:03:05.221,1.4118,1.41211,1.00,1.00
2015.08.12 08:03:05.423,1.4118,1.41218,1.00,1.00
2015.08.12 08:03:05.474,1.41193,1.41215,1.00,1.00
2015.08.12 08:03:06.068,1.41194,1.41216,1.00,1.00
2015.08.12 08:03:06.603,1.41194,1.41215,1.00,1.00
2015.08.12 08:03:06.907,1.41192,1.41215,1.00,1.00
2015.08.12 08:03:08.904,1.4119,1.41211,1.00,1.00
2015.08.12 08:03:08.954,1.41188,1.41211,1.00,1.00
2015.08.12 08:03:10.136,1.41186,1.41201,1.00,1.00
2015.08.12 08:03:10.442,1.41183,1.41201,1.00,1.00
2015.08.12 08:03:10.493,1.41183,1.41199,1.00,1.00
2015.08.12 08:03:12.634,1.41182,1.41199,1.00,1.00
2015.08.12 08:03:13.349,1.41182,1.41197,1.00,1.00
2015.08.12 08:03:13.450,1.41182,1.41199,1.00,1.00
2015.08.12 08:03:13.501,1.41177,1.41199,1.00,1.50
2015.08.12 08:03:13.602,1.41174,1.41198,1.00,1.00
2015.08.12 08:03:13.653,1.41174,1.41194,1.00,1.00
2015.08.12 08:03:13.705,1.41172,1.41194,1.00,1.00
2015.08.12 08:03:14.638,1.41172,1.41192,1.00,1.00
2015.08.12 08:03:14.970,1.41171,1.41186,1.00,1.00
2015.08.12 08:03:16.200,1.41171,1.41188,1.00,1.00
2015.08.12 08:03:16.559,1.41169,1.41188,1.00,1.00
2015.08.12 08:03:16.804,1.4118,1.41188,1.00,1.00
2015.08.12 08:03:17.435,1.41189,1.41196,1.00,1.00
2015.08.12 08:03:17.486,1.41189,1.41194,1.00,1.00
2015.08.12 08:03:17.588,1.41187,1.41194,1.00,1.00
2015.08.12 08:03:17.640,1.41187,1.41208,1.00,1.50
2015.08.12 08:03:17.691,1.41192,1.41208,1.00,1.50
2015.08.12 08:03:17.741,1.41192,1.4121,1.00,1.50
2015.08.12 08:03:17.944,1.41192,1.41214,1.00,1.00
2015.08.12 08:03:18.047,1.41192,1.41208,1.00,1.00
2015.08.12 08:03:18.099,1.41181,1.41203,1.00,1.00
2015.08.12 08:03:18.250,1.41172,1.41194,1.00,1.00
2015.08.12 08:03:18.986,1.41187,1.41204,1.00,1.00
2015.08.12 08:03:19.038,1.41187,1.41209,1.00,1.00
2015.08.12 08:03:19.089,1.41188,1.41212,1.00,1.00
2015.08.12 08:03:19.190,1.41188,1.41208,1.00,1.00
2015.08.12 08:03:19.391,1.41189,1.41211,1.00,1.00
2015.08.12 08:03:19.442,1.4119,1.41214,1.00,1.00
2015.08.12 08:03:19.543,1.41182,1.41206,1.00,1.00
2015.08.12 08:03:20.013,1.41175,1.41197,1.00,1.00
2015.08.12 08:03:20.552,1.41175,1.41191,1.00,1.00
2015.08.12 08:03:21.776,1.41175,1.41192,1.00,1.00
2015.08.12 08:03:22.485,1.41175,1.41193,1.00,1.00
2015.08.12 08:03:23.549,1.41175,1.41194,1.00,1.00
2015.08.12 08:03:25.381,1.41175,1.41193,1.00,1.00
2015.08.12 08:03:25.873,1.41176,1.41197,1.00,1.00
2015.08.12 08:03:26.025,1.41178,1.41197,1.00,1.00
2015.08.12 08:03:26.824,1.41175,1.41195,1.00,1.00
2015.08.12 08:03:29.880,1.41175,1.41193,1.00,1.00
2015.08.12 08:03:30.044,1.41173,1.41193,1.00,1.50
2015.08.12 08:03:31.473,1.41174,1.41193,1.00,1.00
2015.08.12 08:03:31.977,1.41173,1.41192,1.00,1.00
2015.08.12 08:03:33.256,1.41173,1.41188,1.00,1.00
2015.08.12 08:03:33.357,1.41171,1.41188,1.00,1.00
2015.08.12 08:03:34.331,1.4117,1.41188,1.00,1.00
2015.08.12 08:03:37.362,1.41161,1.41183,1.72,1.00
2015.08.12 08:03:37.413,1.41161,1.4118,1.00,1.00
2015.08.12 08:03:37.716,1.4115,1.41167,1.00,1.00
2015.08.12 08:03:38.908,1.4115,1.41166,1.00,1.00
2015.08.12 08:03:42.042,1.41148,1.41166,1.00,1.00
2015.08.12 08:03:42.294,1.41147,1.41161,1.00,1.00
2015.08.12 08:03:42.396,1.41145,1.41161,1.00,1.00
2015.08.12 08:03:42.924,1.41139,1.41161,1.22,1.50
2015.08.12 08:03:42.975,1.41139,1.41155,1.00,1.00
2015.08.12 08:03:44.330,1.41139,1.41153,1.00,1.00
2015.08.12 08:03:44.382,1.41137,1.41153,1.50,1.00
2015.08.12 08:03:44.483,1.41137,1.41157,1.50,1.00
2015.08.12 08:03:44.784,1.41139,1.41157,1.00,1.00
2015.08.12 08:03:49.634,1.41141,1.41157,1.50,1.00
2015.08.12 08:03:50.773,1.4114,1.41157,1.00,1.00
2015.08.12 08:03:51.294,1.41139,1.41158,1.00,1.00
2015.08.12 08:03:53.498,1.41141,1.41161,1.00,1.07
2015.08.12 08:03:55.127,1.41143,1.41161,1.00,1.07
2015.08.12 08:04:01.403,1.41144,1.41166,1.00,1.57
2015.08.12 08:04:01.453,1.4115,1.41169,1.00,1.00
2015.08.12 08:04:02.743,1.4115,1.4117,1.00,1.00
2015.08.12 08:04:02.845,1.41146,1.41168,1.00,1.00
2015.08.12 08:04:02.996,1.41146,1.41166,1.00,1.00
2015.08.12 08:04:08.137,1.41145,1.41165,1.00,1.00
2015.08.12 08:04:08.871,1.41145,1.41162,1.00,1.00
2015.08.12 08:04:11.851,1.41145,1.41161,1.00,1.00
2015.08.12 08:04:13.341,1.41146,1.41161,1.00,1.00
2015.08.12 08:04:13.442,1.41146,1.41164,1.00,1.00
2015.08.12 08:04:14.598,1.41147,1.41164,1.00,1.00
2015.08.12 08:04:14.749,1.41147,1.41167,1.00,1.50
2015.08.12 08:04:19.474,1.41147,1.41166,1.00,1.00
2015.08.12 08:04:25.417,1.41146,1.41166,1.00,1.00
2015.08.12 08:04:30.342,1.41148,1.41166,1.00,1.00
2015.08.12 08:04:30.392,1.41148,1.41168,1.00,1.00
2015.08.12 08:04:31.092,1.41147,1.41169,1.00,1.00
2015.08.12 08:04:31.597,1.41148,1.4117,1.00,1.00
2015.08.12 08:04:33.037,1.41149,1.4117,1.00,1.00
2015.08.12 08:04:33.189,1.41151,1.4117,1.00,1.00
2015.08.12 08:04:33.340,1.41151,1.41173,1.50,1.00
2015.08.12 08:04:33.442,1.41153,1.41174,1.00,1.00
2015.08.12 08:04:34.510,1.41161,1.41174,1.00,1.00
2015.08.12 08:04:34.764,1.41176,1.41191,1.00,1.00
2015.08.12 08:04:34.814,1.41179,1.41191,1.00,1.00
2015.08.12 08:04:34.865,1.41179,1.41196,1.00,1.00
2015.08.12 08:04:34.916,1.41181,1.41196,1.00,1.00
2015.08.12 08:04:34.967,1.41181,1.41199,1.00,1.00
2015.08.12 08:04:35.170,1.41186,1.412,1.00,1.00
2015.08.12 08:04:35.221,1.41186,1.41204,1.00,1.00
2015.08.12 08:04:35.838,1.41188,1.41208,1.00,1.00
2015.08.12 08:04:36.350,1.41189,1.41209,1.00,1.00
2015.08.12 08:04:37.299,1.41189,1.41196,1.00,1.00
2015.08.12 08:04:37.351,1.41177,1.41196,1.00,1.00
2015.08.12 08:04:37.674,1.41177,1.41192,1.00,1.00
2015.08.12 08:04:38.177,1.41176,1.41192,1.00,1.00
2015.08.12 08:04:38.771,1.41172,1.41192,1.00,1.50
2015.08.12 08:04:38.822,1.41172,1.41187,1.00,1.00
2015.08.12 08:04:40.135,1.4117,1.41187,1.00,1.00
2015.08.12 08:04:40.186,1.4117,1.41189,1.00,1.00
2015.08.12 08:04:41.728,1.41167,1.41182,1.00,1.00
2015.08.12 08:04:41.882,1.41165,1.41182,1.03,1.00
2015.08.12 08:04:42.599,1.41165,1.41181,1.03,1.00
2015.08.12 08:04:42.650,1.41167,1.41181,1.00,1.00
2015.08.12 08:04:43.396,1.41169,1.41181,1.00,1.00
2015.08.12 08:04:43.451,1.41169,1.41186,1.00,1.00
2015.08.12 08:04:45.460,1.41169,1.41189,1.00,1.50
2015.08.12 08:04:47.049,1.4117,1.41189,1.00,1.00
2015.08.12 08:04:48.431,1.4117,1.41191,1.00,1.00
2015.08.12 08:04:49.804,1.41173,1.41194,1.00,1.00
2015.08.12 08:04:50.396,1.41173,1.41195,1.00,1.00
2015.08.12 08:04:51.132,1.41179,1.41199,1.00,1.00
2015.08.12 08:04:51.539,1.41179,1.41201,1.00,1.00
2015.08.12 08:04:51.928,1.41181,1.41201,1.00,1.00
2015.08.12 08:04:52.540,1.41179,1.41199,1.00,1.00
2015.08.12 08:04:55.538,1.41179,1.41195,1.00,1.00
2015.08.12 08:04:56.223,1.41179,1.41196,1.00,1.00
2015.08.12 08:04:56.826,1.41172,1.41188,1.00,1.00
2015.08.12 08:04:56.876,1.41168,1.41187,1.00,1.00
2015.08.12 08:04:56.977,1.41167,1.41189,1.00,1.00
2015.08.12 08:04:57.102,1.41167,1.41185,1.00,1.00
2015.08.12 08:04:58.116,1.41167,1.41187,1.00,1.50
2015.08.12 08:04:58.167,1.4117,1.41187,1.00,1.00
2015.08.12 08:05:00.114,1.41169,1.41185,1.00,1.00
2015.08.12 08:05:01.349,1.41169,1.41187,1.00,1.00
2015.08.12 08:05:01.402,1.41167,1.41187,1.00,1.00
2015.08.12 08:05:01.772,1.41169,1.41187,1.00,1.00
2015.08.12 08:05:01.976,1.4117,1.41191,1.50,1.00
2015.08.12 08:05:02.027,1.41175,1.41191,1.00,1.00
2015.08.12 08:05:02.187,1.41175,1.41194,1.00,1.00
2015.08.12 08:05:03.159,1.41175,1.41196,1.00,1.00
2015.08.12 08:05:04.437,1.41174,1.41194,1.00,1.00
2015.08.12 08:05:07.690,1.41174,1.41193,1.00,1.00
2015.08.12 08:05:08.603,1.41173,1.41193,1.00,1.00
2015.08.12 08:05:09.996,1.41173,1.41191,1.00,1.00
2015.08.12 08:05:14.859,1.41175,1.41191,1.00,1.00
2015.08.12 08:05:14.910,1.41175,1.41195,1.00,1.00
2015.08.12 08:05:16.354,1.41175,1.41197,1.00,1.50
2015.08.12 08:05:16.909,1.41176,1.41197,1.00,1.00
2015.08.12 08:05:17.588,1.41176,1.41196,1.00,1.00
2015.08.12 08:05:18.127,1.41175,1.41196,1.00,1.00
2015.08.12 08:05:22.001,1.41175,1.41187,1.00,1.00
2015.08.12 08:05:22.121,1.41175,1.41196,1.00,1.00
2015.08.12 08:05:22.171,1.41177,1.41196,1.00,1.00
2015.08.12 08:05:22.429,1.41177,1.41198,1.00,1.00
2015.08.12 08:05:25.673,1.41174,1.41198,1.00,1.50
2015.08.12 08:05:25.723,1.41174,1.41195,1.00,1.00
2015.08.12 08:05:26.353,1.41173,1.41195,1.00,1.00
2015.08.12 08:05:27.552,1.41165,1.41187,1.00,1.00
2015.08.12 08:05:27.603,1.41163,1.41187,1.00,1.00
2015.08.12 08:05:27.704,1.41163,1.41181,1.00,1.00
2015.08.12 08:05:27.856,1.41161,1.41181,1.00,1.00
2015.08.12 08:05:28.214,1.41163,1.41181,1.00,1.00
2015.08.12 08:05:28.932,1.41163,1.4118,1.00,1.00
2015.08.12 08:05:33.064,1.41162,1.4118,1.00,1.00
2015.08.12 08:05:34.377,1.41159,1.4118,1.00,1.00
2015.08.12 08:05:35.392,1.4116,1.4118,1.00,1.00
2015.08.12 08:05:35.704,1.41162,1.4118,1.00,1.00
2015.08.12 08:05:36.732,1.41161,1.41178,1.00,1.00
2015.08.12 08:05:37.093,1.41159,1.41178,1.00,1.00
2015.08.12 08:05:37.144,1.41159,1.41173,1.00,1.00
2015.08.12 08:05:37.346,1.41157,1.41173,1.00,1.00
2015.08.12 08:05:38.266,1.41157,1.41174,1.00,1.00
2015.08.12 08:05:43.630,1.41159,1.41174,1.00,1.00
2015.08.12 08:05:43.681,1.41159,1.41176,1.00,1.00
2015.08.12 08:05:43.863,1.4116,1.41178,1.00,1.00
2015.08.12 08:05:44.792,1.41161,1.41178,1.00,1.00
2015.08.12 08:05:45.428,1.41161,1.4118,1.00,1.00
2015.08.12 08:05:46.071,1.41162,1.4118,1.00,1.00
2015.08.12 08:05:47.446,1.41158,1.4118,1.00,1.00
2015.08.12 08:05:47.991,1.41159,1.4118,1.00,1.00
2015.08.12 08:05:49.129,1.41161,1.4118,1.00,1.00
2015.08.12 08:05:49.661,1.41157,1.41181,1.00,1.50
2015.08.12 08:05:49.864,1.41153,1.41177,1.00,1.00
2015.08.12 08:05:50.377,1.41151,1.41175,1.00,1.00
2015.08.12 08:05:50.678,1.41149,1.41169,1.00,1.00
2015.08.12 08:05:50.980,1.41149,1.41167,1.00,1.00
2015.08.12 08:05:51.960,1.41148,1.41167,1.00,1.00
2015.08.12 08:05:52.653,1.41147,1.41167,1.00,1.00
2015.08.12 08:05:54.253,1.41148,1.41167,1.00,1.00
2015.08.12 08:05:55.564,1.41143,1.41162,1.00,1.00
2015.08.12 08:05:56.074,1.41142,1.41162,1.00,1.00
2015.08.12 08:05:56.650,1.4114,1.4116,1.50,1.00
2015.08.12 08:05:57.980,1.4114,1.41157,1.00,1.00
2015.08.12 08:05:59.194,1.4114,1.41164,1.00,1.50
2015.08.12 08:05:59.533,1.41143,1.41164,1.00,1.00
2015.08.12 08:06:00.510,1.41141,1.41164,1.00,1.50
2015.08.12 08:06:10.799,1.41139,1.41163,1.00,1.00
2015.08.12 08:06:10.900,1.41134,1.41158,1.00,1.00
2015.08.12 08:06:11.204,1.41126,1.41144,1.00,1.00
2015.08.12 08:06:12.265,1.41126,1.41145,1.00,1.00
2015.08.12 08:06:15.066,1.41125,1.41145,1.52,1.00
2015.08.12 08:06:15.217,1.41126,1.41147,1.50,1.00
2015.08.12 08:06:19.635,1.41127,1.41147,1.00,1.00
2015.08.12 08:06:20.052,1.41127,1.41149,1.00,1.00
2015.08.12 08:06:20.572,1.41128,1.4115,1.00,1.00
2015.08.12 08:06:21.890,1.41126,1.41149,1.50,1.00
2015.08.12 08:06:23.904,1.41126,1.41147,1.00,1.00
2015.08.12 08:06:25.571,1.41127,1.41147,1.00,1.00
2015.08.12 08:06:26.633,1.41127,1.41148,1.00,1.00
2015.08.12 08:06:29.543,1.41127,1.41149,1.00,1.00
2015.08.12 08:06:30.030,1.41129,1.41149,1.00,1.00
2015.08.12 08:06:30.131,1.41131,1.41153,1.00,1.50
2015.08.12 08:06:30.753,1.41132,1.41155,1.00,1.00
2015.08.12 08:06:37.545,1.41131,1.41155,1.00,1.00
2015.08.12 08:06:37.647,1.4113,1.41151,1.00,1.00
2015.08.12 08:06:37.698,1.41128,1.41151,1.00,1.00
2015.08.12 08:06:37.799,1.41126,1.4115,1.00,1.00
2015.08.12 08:06:37.952,1.41126,1.41147,1.00,1.00
2015.08.12 08:06:38.123,1.41125,1.41149,1.00,1.00
2015.08.12 08:06:38.738,1.41126,1.41148,1.00,1.00
2015.08.12 08:06:40.623,1.41122,1.41144,1.26,1.00
2015.08.12 08:06:40.724,1.41122,1.41146,1.26,1.00
2015.08.12 08:06:40.775,1.41122,1.41146,1.00,1.00
2015.08.12 08:06:40.826,1.41121,1.41144,1.00,1.00
2015.08.12 08:06:40.977,1.41117,1.41141,1.00,1.00
2015.08.12 08:06:41.078,1.41119,1.41142,1.00,1.00
2015.08.12 08:06:42.004,1.41118,1.41142,1.00,1.50
2015.08.12 08:06:42.328,1.41125,1.41147,1.00,1.00
2015.08.12 08:06:42.631,1.41126,1.41149,1.00,1.00
2015.08.12 08:06:42.732,1.41129,1.41149,1.00,1.00
2015.08.12 08:06:42.783,1.41129,1.41151,1.00,1.00
2015.08.12 08:06:43.640,1.41129,1.4115,1.00,1.87
2015.08.12 08:06:43.691,1.41122,1.41143,1.00,1.00
2015.08.12 08:06:45.608,1.41124,1.41148,1.00,1.50
2015.08.12 08:06:45.709,1.41127,1.41148,1.00,1.00
2015.08.12 08:06:45.759,1.41127,1.4115,1.00,1.00
2015.08.12 08:06:47.243,1.41127,1.41151,1.00,1.50
2015.08.12 08:06:48.852,1.41129,1.41151,1.00,1.00
2015.08.12 08:06:52.060,1.41122,1.41144,1.00,1.00
2015.08.12 08:06:52.570,1.41121,1.41143,1.00,1.00
2015.08.12 08:06:53.612,1.41119,1.41141,1.00,1.00
2015.08.12 08:06:53.918,1.41121,1.4114,1.00,1.00
2015.08.12 08:06:54.220,1.41118,1.4114,1.00,1.00
2015.08.12 08:06:54.372,1.41124,1.41141,1.00,1.00
2015.08.12 08:06:54.423,1.41124,1.41144,1.00,1.00
2015.08.12 08:06:54.474,1.41124,1.41146,1.00,1.50
2015.08.12 08:06:54.575,1.41126,1.41146,1.00,1.50
2015.08.12 08:06:55.374,1.41127,1.41146,1.00,1.00
2015.08.12 08:06:55.476,1.41128,1.41149,1.00,1.00
2015.08.12 08:06:55.930,1.41126,1.41148,1.00,1.00
2015.08.12 08:06:56.592,1.41129,1.41149,1.00,1.50
2015.08.12 08:07:03.622,1.4113,1.41152,1.00,1.50
2015.08.12 08:07:03.673,1.41131,1.41147,1.00,1.00
2015.08.12 08:07:03.875,1.41132,1.41152,1.00,1.00
2015.08.12 08:07:05.640,1.41122,1.41142,1.00,1.50
2015.08.12 08:07:06.209,1.41122,1.41141,1.00,1.00
2015.08.12 08:07:09.929,1.41122,1.41142,1.00,1.00
2015.08.12 08:07:10.587,1.41123,1.41143,1.00,1.00
2015.08.12 08:07:10.645,1.41123,1.41145,1.00,1.50
2015.08.12 08:07:11.488,1.41123,1.41144,1.00,1.00
2015.08.12 08:07:12.881,1.41125,1.41144,1.00,1.00
2015.08.12 08:07:12.933,1.41127,1.41149,1.00,1.00
2015.08.12 08:07:13.500,1.4113,1.4115,1.00,1.00
2015.08.12 08:07:18.461,1.41127,1.41149,1.00,1.00
2015.08.12 08:07:19.321,1.41129,1.41149,1.00,1.00
2015.08.12 08:07:20.165,1.41128,1.41148,1.00,1.00
2015.08.12 08:07:20.215,1.41126,1.41148,1.00,1.00
2015.08.12 08:07:20.650,1.41129,1.41149,1.00,1.00
2015.08.12 08:07:22.206,1.41127,1.41149,1.00,1.00
2015.08.12 08:07:22.797,1.41129,1.41149,1.00,1.00
2015.08.12 08:07:23.108,1.41127,1.41149,1.00,1.00
2015.08.12 08:07:23.310,1.41127,1.41147,1.00,1.00
2015.08.12 08:07:23.633,1.41121,1.4114,1.00,1.00
2015.08.12 08:07:24.157,1.41116,1.41138,1.50,1.00
2015.08.12 08:07:24.716,1.41117,1.41138,1.00,1.00
2015.08.12 08:07:25.722,1.41118,1.41138,1.00,2.25
2015.08.12 08:07:26.758,1.41118,1.41133,1.00,1.00
2015.08.12 08:07:30.119,1.41117,1.41133,1.00,1.00
2015.08.12 08:07:32.231,1.41118,1.41133,1.00,1.00
2015.08.12 08:07:41.101,1.41117,1.41133,1.00,1.00
2015.08.12 08:07:42.579,1.41116,1.41133,1.00,1.00
2015.08.12 08:07:43.276,1.41111,1.41128,1.00,1.00
2015.08.12 08:07:43.879,1.4111,1.41128,1.00,1.00
2015.08.12 08:07:45.132,1.4111,1.41126,1.00,1.00
2015.08.12 08:07:45.465,1.41109,1.41122,1.00,1.00
2015.08.12 08:07:46.328,1.41104,1.41118,1.00,1.00
2015.08.12 08:07:46.583,1.41101,1.41118,1.00,1.00
2015.08.12 08:07:46.785,1.41101,1.41114,1.00,1.00
2015.08.12 08:07:47.468,1.41099,1.41114,1.00,1.00
2015.08.12 08:07:49.834,1.41099,1.41117,1.00,1.00
2015.08.12 08:07:49.885,1.41101,1.41117,1.00,1.00
2015.08.12 08:07:50.198,1.41104,1.41123,1.00,1.00
2015.08.12 08:07:51.000,1.41102,1.41119,1.00,1.00
2015.08.12 08:07:53.163,1.41102,1.4112,1.00,1.00
2015.08.12 08:07:55.580,1.41102,1.41122,1.00,1.50
2015.08.12 08:07:58.231,1.41102,1.41121,1.00,1.00
2015.08.12 08:08:00.323,1.41103,1.41123,1.00,1.00
2015.08.12 08:08:00.882,1.41103,1.41125,1.00,1.00
2015.08.12 08:08:01.881,1.41103,1.41123,1.00,1.00
2015.08.12 08:08:01.982,1.411,1.41122,1.00,1.00
2015.08.12 08:08:06.656,1.41101,1.41121,1.00,1.00
2015.08.12 08:08:06.706,1.41101,1.41117,1.00,1.00
2015.08.12 08:08:06.858,1.41099,1.41117,1.00,1.00
2015.08.12 08:08:06.913,1.41099,1.41121,1.00,1.00
2015.08.12 08:08:07.549,1.41088,1.41107,1.00,1.00
2015.08.12 08:08:07.599,1.41085,1.41107,1.00,1.50
2015.08.12 08:08:07.651,1.41085,1.41103,1.00,1.00
2015.08.12 08:08:08.372,1.41086,1.41098,1.00,1.00
2015.08.12 08:08:08.436,1.41086,1.41105,1.00,1.00
2015.08.12 08:08:08.487,1.41086,1.411,1.00,1.00
2015.08.12 08:08:08.589,1.41083,1.411,1.00,1.00
2015.08.12 08:08:08.691,1.41083,1.41103,1.00,1.50
2015.08.12 08:08:09.321,1.41082,1.41102,1.00,1.00
2015.08.12 08:08:09.867,1.41082,1.41097,1.00,1.00
2015.08.12 08:08:10.577,1.41081,1.41097,1.00,1.00
2015.08.12 08:08:10.680,1.41078,1.41097,1.00,1.00
2015.08.12 08:08:10.961,1.41078,1.411,1.00,1.50
2015.08.12 08:08:11.725,1.41078,1.41095,1.00,1.00
2015.08.12 08:08:12.829,1.41078,1.41099,1.00,1.00
2015.08.12 08:08:14.554,1.41077,1.41099,1.00,1.50
2015.08.12 08:08:14.605,1.41077,1.41097,1.00,1.00
2015.08.12 08:08:15.830,1.41077,1.41099,1.00,1.00
2015.08.12 08:08:16.100,1.41079,1.41099,1.00,1.00
2015.08.12 08:08:23.111,1.41077,1.41099,1.00,1.50
2015.08.12 08:08:23.524,1.41077,1.41097,1.00,1.00
2015.08.12 08:08:25.688,1.41077,1.41099,1.00,1.50
2015.08.12 08:08:26.299,1.41077,1.41095,1.00,1.00
2015.08.12 08:08:27.031,1.41078,1.41095,1.00,1.00
2015.08.12 08:08:27.284,1.41076,1.41095,1.00,1.00
2015.08.12 08:08:27.485,1.41076,1.41098,1.00,1.50
2015.08.12 08:08:27.536,1.41075,1.41095,1.00,1.50
2015.08.12 08:08:28.808,1.41074,1.41093,1.00,1.00
2015.08.12 08:08:29.110,1.41068,1.41086,1.00,1.00
2015.08.12 08:08:29.991,1.41063,1.41085,1.00,1.00
2015.08.12 08:08:30.043,1.41063,1.41083,1.00,1.00
2015.08.12 08:08:30.346,1.41062,1.41081,1.00,1.00
2015.08.12 08:08:30.397,1.41055,1.41077,1.00,1.00
2015.08.12 08:08:30.498,1.41049,1.41071,1.00,1.00
2015.08.12 08:08:31.240,1.41043,1.41062,1.00,1.00
2015.08.12 08:08:31.778,1.41042,1.41062,1.00,1.50
2015.08.12 08:08:32.780,1.41043,1.41062,1.00,1.00
2015.08.12 08:08:33.085,1.41043,1.41064,1.00,1.00
2015.08.12 08:08:33.186,1.41045,1.41064,1.00,1.00
2015.08.12 08:08:33.338,1.41046,1.41068,1.00,1.00
2015.08.12 08:08:34.625,1.41045,1.41067,1.00,1.00
2015.08.12 08:08:35.391,1.41043,1.41065,1.00,1.50
2015.08.12 08:08:36.069,1.41042,1.4106,1.00,1.00
2015.08.12 08:08:37.303,1.41042,1.41062,1.00,1.00
2015.08.12 08:08:37.506,1.41045,1.41067,1.00,1.00
2015.08.12 08:08:38.018,1.41046,1.41068,1.00,1.00
2015.08.12 08:08:39.310,1.41046,1.41066,1.00,1.00
2015.08.12 08:08:39.811,1.41047,1.41067,1.00,1.00
2015.08.12 08:08:40.633,1.41049,1.41071,1.00,1.00
2015.08.12 08:08:40.684,1.41052,1.41072,1.00,1.00
2015.08.12 08:08:40.990,1.41055,1.41075,1.00,1.00
2015.08.12 08:08:44.987,1.41054,1.41074,1.00,1.00
2015.08.12 08:08:45.097,1.41054,1.41076,1.00,1.00
2015.08.12 08:08:48.031,1.41056,1.41076,1.00,1.00
2015.08.12 08:08:51.804,1.41054,1.41076,1.00,1.50
2015.08.12 08:08:52.520,1.41054,1.41071,1.00,1.00
2015.08.12 08:08:52.687,1.41054,1.41074,1.00,1.00
2015.08.12 08:08:53.665,1.41055,1.41075,1.00,1.00
2015.08.12 08:08:53.720,1.41053,1.41074,1.00,1.00
2015.08.12 08:08:54.246,1.41054,1.41076,1.00,1.50
2015.08.12 08:08:57.800,1.41045,1.41067,1.03,1.00
2015.08.12 08:08:58.151,1.41044,1.41065,1.14,1.00
2015.08.12 08:08:58.760,1.41044,1.41063,1.14,1.00
2015.08.12 08:08:59.420,1.41044,1.41064,1.14,1.00
2015.08.12 08:09:00.494,1.41044,1.41065,1.14,1.00
2015.08.12 08:09:01.317,1.41044,1.41066,1.14,1.00
2015.08.12 08:09:01.817,1.41044,1.41064,1.14,1.00
2015.08.12 08:09:02.617,1.41044,1.41061,1.14,1.00
2015.08.12 08:09:03.780,1.41043,1.4106,1.26,1.00
2015.08.12 08:09:04.134,1.41045,1.41064,1.03,1.00
2015.08.12 08:09:04.650,1.41038,1.41058,1.50,1.00
2015.08.12 08:09:04.710,1.41038,1.41056,1.00,1.00
2015.08.12 08:09:04.976,1.41039,1.4106,1.00,1.00
2015.08.12 08:09:05.027,1.41036,1.41058,1.00,1.00
2015.08.12 08:09:05.973,1.41041,1.41061,1.00,1.00
2015.08.12 08:09:06.024,1.41041,1.41063,1.00,1.50
2015.08.12 08:09:07.198,1.41041,1.41061,1.00,1.00
2015.08.12 08:09:07.501,1.41045,1.41063,1.00,1.00
2015.08.12 08:09:07.552,1.41045,1.41065,1.00,1.00
2015.08.12 08:09:08.279,1.41044,1.41066,1.00,1.50
2015.08.12 08:09:08.826,1.41045,1.41067,1.00,1.00
2015.08.12 08:09:12.764,1.4105,1.4107,1.00,1.00
2015.08.12 08:09:12.916,1.4105,1.41072,1.00,1.00
2015.08.12 08:09:13.853,1.41052,1.41072,1.00,1.00
2015.08.12 08:09:15.150,1.41054,1.41074,1.00,1.00
2015.08.12 08:09:16.507,1.41055,1.41075,1.00,1.00
2015.08.12 08:09:16.877,1.41053,1.41074,1.00,1.00
2015.08.12 08:09:17.762,1.41052,1.41074,1.00,1.00
2015.08.12 08:09:20.734,1.41056,1.41076,1.00,1.00
2015.08.12 08:09:20.835,1.41056,1.41078,1.00,1.00
2015.08.12 08:09:23.539,1.41054,1.41076,1.00,1.00
2015.08.12 08:09:24.148,1.41055,1.41075,1.00,1.00
2015.08.12 08:09:24.812,1.41057,1.41077,1.00,1.00
2015.08.12 08:09:27.404,1.41057,1.41079,1.00,1.00
2015.08.12 08:09:28.091,1.41058,1.41078,1.00,1.00
2015.08.12 08:09:28.746,1.41058,1.4108,1.00,1.00
2015.08.12 08:09:30.056,1.41065,1.41081,1.00,1.00
2015.08.12 08:09:30.107,1.41065,1.41086,1.00,1.00
2015.08.12 08:09:30.208,1.4107,1.4109,1.00,1.50
2015.08.12 08:09:30.360,1.4107,1.41092,1.00,1.00
2015.08.12 08:09:30.411,1.41072,1.41092,1.00,1.00
2015.08.12 08:09:30.513,1.41072,1.41094,1.00,1.00
2015.08.12 08:09:30.614,1.41075,1.41095,1.00,1.00
2015.08.12 08:09:31.339,1.41079,1.41101,1.00,1.00
2015.08.12 08:09:31.389,1.41096,1.41116,1.00,1.00
2015.08.12 08:09:31.491,1.41092,1.41114,1.00,1.00
2015.08.12 08:09:31.957,1.41091,1.41111,1.00,1.00
2015.08.12 08:09:34.054,1.41092,1.41112,1.00,1.00
2015.08.12 08:09:34.376,1.41092,1.41114,1.00,1.00
2015.08.12 08:09:35.417,1.41093,1.41113,1.00,1.00
2015.08.12 08:09:37.861,1.41091,1.41113,1.00,1.00
2015.08.12 08:09:38.540,1.41092,1.41112,1.00,1.00
2015.08.12 08:09:40.214,1.41091,1.41111,1.00,1.00
2015.08.12 08:09:42.819,1.41092,1.41112,1.00,1.00
2015.08.12 08:09:56.671,1.41091,1.41113,1.00,1.00
2015.08.12 08:09:57.718,1.41094,1.41116,1.00,1.00
2015.08.12 08:10:09.539,1.41094,1.41114,1.00,1.00
2015.08.12 08:10:17.128,1.41085,1.41107,1.00,1.00
2015.08.12 08:10:17.280,1.41084,1.41104,1.00,1.00
2015.08.12 08:10:17.836,1.41085,1.41105,1.00,1.00
2015.08.12 08:10:18.473,1.41087,1.41107,1.00,1.00
2015.08.12 08:10:19.986,1.41086,1.41106,1.00,1.00
2015.08.12 08:10:20.538,1.41085,1.41107,1.00,1.00
2015.08.12 08:10:22.670,1.41084,1.41104,1.00,1.00
2015.08.12 08:10:23.088,1.41081,1.41103,1.00,1.00
2015.08.12 08:10:23.895,1.41081,1.41101,1.00,1.00
2015.08.12 08:10:24.988,1.41077,1.41097,1.00,1.00
2015.08.12 08:10:25.865,1.41076,1.41098,1.00,1.00
2015.08.12 08:10:26.371,1.41077,1.41097,1.00,1.00
2015.08.12 08:10:26.985,1.41078,1.41099,1.00,1.00
2015.08.12 08:10:27.494,1.41078,1.411,1.00,1.00
2015.08.12 08:10:28.210,1.41081,1.41101,1.00,1.00
2015.08.12 08:10:28.827,1.41082,1.41102,1.00,1.50
2015.08.12 08:10:32.309,1.41081,1.41103,1.00,1.00
2015.08.12 08:10:33.557,1.41081,1.411,1.00,1.00
2015.08.12 08:10:33.880,1.41079,1.41099,1.00,1.00
2015.08.12 08:10:34.678,1.41077,1.41098,1.00,1.00
2015.08.12 08:10:34.978,1.41077,1.41096,1.00,1.00
2015.08.12 08:10:36.240,1.41077,1.41094,1.00,1.00
2015.08.12 08:10:38.391,1.41076,1.41094,1.00,1.00
2015.08.12 08:10:38.742,1.41078,1.41094,1.00,1.00
2015.08.12 08:10:41.341,1.41076,1.41087,1.00,1.00
2015.08.12 08:10:41.442,1.41072,1.41087,1.00,1.00
2015.08.12 08:10:41.544,1.41074,1.41087,1.00,1.00
2015.08.12 08:10:42.625,1.41076,1.4109,1.00,1.00
2015.08.12 08:10:42.859,1.41078,1.4109,1.00,1.00
2015.08.12 08:10:51.543,1.41075,1.4109,1.00,1.00
2015.08.12 08:10:52.953,1.41076,1.41091,1.00,1.00
2015.08.12 08:10:53.067,1.41076,1.41093,1.00,1.00
2015.08.12 08:10:53.774,1.41076,1.41097,1.00,1.00
2015.08.12 08:10:54.755,1.41072,1.41097,1.00,1.50
2015.08.12 08:10:55.058,1.4107,1.41095,1.00,1.00
2015.08.12 08:10:55.841,1.41067,1.41094,1.00,1.00
2015.08.12 08:10:56.410,1.41068,1.41093,1.00,1.00
2015.08.12 08:11:17.615,1.41067,1.41092,1.00,1.00
2015.08.12 08:11:18.696,1.41067,1.41093,1.00,1.00
2015.08.12 08:11:19.336,1.41067,1.41092,1.00,1.50
2015.08.12 08:11:23.546,1.41067,1.41091,1.00,1.00
2015.08.12 08:11:24.872,1.41068,1.41091,1.00,1.00
2015.08.12 08:11:33.288,1.41068,1.41093,1.00,1.00
2015.08.12 08:11:34.692,1.41067,1.41094,1.00,1.00
2015.08.12 08:11:46.088,1.41068,1.41093,1.00,1.00
2015.08.12 08:11:47.405,1.41069,1.41094,1.00,1.00
2015.08.12 08:11:49.303,1.41069,1.41095,1.00,1.00
2015.08.12 08:11:49.354,1.41068,1.41093,1.00,1.00
2015.08.12 08:11:49.643,1.41066,1.41093,1.00,1.00
2015.08.12 08:11:50.598,1.41064,1.41089,1.00,1.00
2015.08.12 08:11:50.938,1.41066,1.41091,1.00,1.00
2015.08.12 08:11:52.162,1.41065,1.4109,1.00,1.00
2015.08.12 08:11:52.709,1.41066,1.41091,1.00,1.00
2015.08.12 08:12:00.200,1.41064,1.41091,1.00,1.00
2015.08.12 08:12:03.952,1.41066,1.41091,1.00,1.00
2015.08.12 08:12:04.376,1.41064,1.41091,1.00,1.00
2015.08.12 08:12:04.578,1.41063,1.41088,1.03,1.00
2015.08.12 08:12:05.787,1.41063,1.41089,1.03,1.00
2015.08.12 08:12:07.327,1.41063,1.41088,1.52,1.00
2015.08.12 08:12:09.233,1.41064,1.41089,1.00,1.00
2015.08.12 08:12:10.667,1.41071,1.41089,1.00,1.00
2015.08.12 08:12:10.718,1.41071,1.41093,1.00,1.00
2015.08.12 08:12:10.869,1.41068,1.41093,1.00,1.00
2015.08.12 08:12:10.971,1.41065,1.41092,1.00,1.00
2015.08.12 08:12:11.814,1.41064,1.41091,1.50,1.00
2015.08.12 08:12:12.407,1.41063,1.4109,1.03,1.00
2015.08.12 08:12:13.607,1.41064,1.41089,1.00,1.00
2015.08.12 08:12:15.388,1.4107,1.41092,1.00,1.00
2015.08.12 08:12:15.489,1.4107,1.41095,1.00,1.50
2015.08.12 08:12:18.264,1.41064,1.41091,1.00,1.00
2015.08.12 08:12:18.839,1.41063,1.4109,1.03,1.00
2015.08.12 08:12:19.450,1.41066,1.4109,1.00,1.00
2015.08.12 08:12:19.783,1.4108,1.41098,1.00,1.00
2015.08.12 08:12:19.893,1.4108,1.411,1.00,1.00
2015.08.12 08:12:20.783,1.41075,1.411,1.00,1.00
2015.08.12 08:12:20.834,1.41069,1.41094,1.00,1.00
2015.08.12 08:12:22.020,1.41067,1.41093,1.00,1.00
2015.08.12 08:12:22.307,1.41068,1.41093,1.15,1.00
2015.08.12 08:12:22.409,1.41079,1.411,1.00,1.00
2015.08.12 08:12:22.460,1.41091,1.411,1.00,1.00
2015.08.12 08:12:22.510,1.41091,1.41109,1.00,1.00
2015.08.12 08:12:22.611,1.41091,1.41101,1.00,1.00
2015.08.12 08:12:22.662,1.41081,1.41101,1.00,1.00
2015.08.12 08:12:22.713,1.41081,1.41098,1.00,1.00
2015.08.12 08:12:23.401,1.4107,1.41095,1.00,1.00
2015.08.12 08:12:23.934,1.41071,1.41095,1.00,1.00
2015.08.12 08:12:25.006,1.4107,1.41094,1.00,1.00
2015.08.12 08:12:25.435,1.41073,1.41094,1.00,1.00
2015.08.12 08:12:26.816,1.41073,1.41095,1.00,1.00
2015.08.12 08:12:28.997,1.4107,1.41095,1.00,1.00
2015.08.12 08:12:29.537,1.4107,1.41094,1.00,1.00
2015.08.12 08:12:30.097,1.41069,1.41094,1.00,1.00
2015.08.12 08:12:31.544,1.41066,1.41092,1.00,1.00
2015.08.12 08:12:32.067,1.41066,1.41091,1.50,1.00
2015.08.12 08:12:34.528,1.41068,1.41093,1.00,1.00
2015.08.12 08:12:35.070,1.41068,1.41095,1.50,1.00
2015.08.12 08:12:35.172,1.4107,1.41095,1.00,1.00
2015.08.12 08:12:35.946,1.4107,1.41096,1.50,1.00
2015.08.12 08:12:36.267,1.41072,1.41097,1.00,1.00
2015.08.12 08:12:38.688,1.41074,1.41097,1.00,1.00
2015.08.12 08:12:38.739,1.41074,1.41099,1.00,1.00
2015.08.12 08:12:39.101,1.41074,1.41101,1.00,1.00
2015.08.12 08:12:39.425,1.41081,1.41101,1.00,1.00
2015.08.12 08:12:40.158,1.41076,1.41101,1.50,1.00
2015.08.12 08:12:40.406,1.4108,1.41101,1.00,1.00
2015.08.12 08:12:44.838,1.41081,1.41105,1.00,1.00
2015.08.12 08:12:44.889,1.41088,1.41105,1.50,1.00
2015.08.12 08:12:45.040,1.4109,1.41109,1.00,1.00
2015.08.12 08:12:46.005,1.41085,1.41109,1.50,1.50
2015.08.12 08:12:46.056,1.41081,1.41105,1.00,1.00
2015.08.12 08:12:46.673,1.41079,1.41105,1.50,1.50
2015.08.12 08:12:47.331,1.41079,1.41103,1.00,1.00
2015.08.12 08:12:48.793,1.41079,1.41105,1.00,1.00
2015.08.12 08:12:48.944,1.41081,1.41105,1.00,1.00
2015.08.12 08:12:54.505,1.41081,1.41106,1.00,1.00
2015.08.12 08:13:01.099,1.4108,1.41106,1.50,1.00
2015.08.12 08:13:02.806,1.4108,1.41105,1.50,1.00
2015.08.12 08:13:07.045,1.41081,1.41105,1.00,1.50
2015.08.12 08:13:13.342,1.41081,1.41103,1.00,1.00
2015.08.12 08:13:13.925,1.41081,1.41102,1.00,1.00
2015.08.12 08:13:20.193,1.4108,1.41102,1.00,1.00
2015.08.12 08:13:23.944,1.4108,1.41102,1.22,1.00
2015.08.12 08:13:24.661,1.4108,1.41103,1.22,1.00
2015.08.12 08:13:26.330,1.41081,1.41098,1.22,1.00
2015.08.12 08:13:27.426,1.4108,1.41097,1.22,1.00
2015.08.12 08:13:27.477,1.41081,1.411,1.22,1.00
2015.08.12 08:13:29.133,1.4109,1.41104,1.00,1.00
2015.08.12 08:13:29.284,1.4109,1.41106,1.00,1.00
2015.08.12 08:13:29.386,1.41081,1.41103,1.22,1.00
2015.08.12 08:13:29.487,1.41081,1.41106,1.22,1.00
2015.08.12 08:13:29.588,1.41091,1.41108,1.00,1.50
2015.08.12 08:13:29.891,1.41081,1.41106,1.22,1.00
2015.08.12 08:13:29.941,1.41081,1.41104,1.22,1.00
2015.08.12 08:13:30.758,1.41091,1.41107,1.00,1.50
2015.08.12 08:13:34.335,1.41091,1.41105,1.00,1.00
2015.08.12 08:13:34.449,1.4108,1.41104,1.22,1.00
2015.08.12 08:13:34.549,1.41081,1.41107,1.22,1.00
2015.08.12 08:13:34.600,1.41087,1.41107,1.00,1.00
2015.08.12 08:13:35.133,1.41091,1.41107,1.00,1.00
2015.08.12 08:13:35.707,1.41091,1.41106,1.00,1.00
2015.08.12 08:13:36.862,1.41091,1.41107,1.00,1.00
2015.08.12 08:13:37.114,1.41084,1.41106,1.14,1.00
2015.08.12 08:13:37.215,1.41084,1.41104,1.14,1.00
2015.08.12 08:13:37.316,1.41087,1.41108,1.00,1.50
2015.08.12 08:13:37.417,1.4109,1.41108,1.00,1.00
2015.08.12 08:13:37.619,1.41088,1.41108,1.00,1.50
2015.08.12 08:13:42.321,1.41083,1.41103,1.00,1.00
2015.08.12 08:13:42.962,1.41083,1.41102,1.00,1.00
2015.08.12 08:13:44.296,1.41084,1.41106,1.03,1.50
2015.08.12 08:13:44.346,1.41086,1.41106,1.00,1.50
2015.08.12 08:13:55.924,1.41086,1.41108,1.00,1.00
2015.08.12 08:13:57.571,1.41088,1.4111,1.00,1.00
2015.08.12 08:13:58.229,1.4109,1.41111,1.50,1.00
2015.08.12 08:13:58.849,1.41092,1.41111,1.00,1.00
2015.08.12 08:13:59.394,1.41092,1.41112,1.00,1.50
2015.08.12 08:14:00.308,1.41094,1.41114,1.00,1.50
2015.08.12 08:14:00.609,1.41097,1.41117,1.00,1.00
2015.08.12 08:14:01.370,1.41098,1.41118,1.00,1.00
2015.08.12 08:14:02.347,1.41098,1.41117,1.00,1.00
2015.08.12 08:14:05.274,1.41098,1.41118,1.00,1.00
2015.08.12 08:14:13.369,1.41102,1.41122,1.00,1.00
2015.08.12 08:14:13.720,1.41104,1.41123,1.12,1.50
2015.08.12 08:14:14.354,1.41104,1.41122,1.12,1.00
2015.08.12 08:14:15.056,1.41104,1.41123,1.12,1.50
2015.08.12 08:14:15.376,1.41102,1.41122,1.00,1.00
2015.08.12 08:14:15.784,1.41101,1.41116,1.00,1.00
2015.08.12 08:14:16.360,1.41093,1.41115,1.00,1.00
2015.08.12 08:14:16.461,1.41092,1.41112,1.00,1.00
2015.08.12 08:14:16.562,1.4109,1.41112,1.00,1.00
2015.08.12 08:14:16.823,1.41092,1.41112,1.00,1.00
2015.08.12 08:14:17.606,1.41093,1.41113,1.00,1.00
2015.08.12 08:14:18.153,1.41092,1.41114,1.00,1.00
2015.08.12 08:14:21.090,1.41088,1.41108,1.00,1.00
2015.08.12 08:14:21.192,1.41085,1.41106,1.00,1.00
2015.08.12 08:14:21.293,1.41085,1.41103,1.00,1.00
2015.08.12 08:14:21.445,1.41081,1.41103,1.00,1.00
2015.08.12 08:14:21.546,1.41078,1.411,1.00,1.00
2015.08.12 08:14:22.309,1.41078,1.41098,1.00,1.00
2015.08.12 08:14:22.655,1.41078,1.411,1.00,1.50
2015.08.12 08:14:23.697,1.41077,1.411,1.00,1.50
2015.08.12 08:14:24.632,1.41077,1.41099,1.00,1.00
2015.08.12 08:14:26.941,1.41077,1.411,1.00,1.00
2015.08.12 08:14:28.748,1.41077,1.41099,1.00,1.00
2015.08.12 08:14:30.479,1.41077,1.411,1.00,1.00
2015.08.12 08:14:32.968,1.41077,1.41099,1.00,1.00
2015.08.12 08:14:34.634,1.41078,1.41098,1.00,1.00
2015.08.12 08:14:34.736,1.41076,1.41098,1.00,1.00
2015.08.12 08:14:34.843,1.41073,1.41093,1.14,1.00
2015.08.12 08:14:35.552,1.41073,1.41093,1.00,1.00
2015.08.12 08:14:35.603,1.41071,1.41093,1.00,1.00
2015.08.12 08:14:36.423,1.41071,1.41092,1.00,1.00
2015.08.12 08:14:37.100,1.41071,1.41093,1.00,1.00
2015.08.12 08:14:37.151,1.41074,1.41094,1.00,1.00
2015.08.12 08:14:37.453,1.41076,1.41096,1.00,1.00
2015.08.12 08:14:40.133,1.41073,1.41095,1.14,1.00
2015.08.12 08:14:40.234,1.41072,1.41092,1.00,1.00
2015.08.12 08:14:52.853,1.41073,1.41093,1.00,1.00
2015.08.12 08:14:55.869,1.41074,1.41093,1.00,1.00
2015.08.12 08:14:55.920,1.41074,1.41096,1.00,1.00
2015.08.12 08:14:57.432,1.41074,1.41093,1.00,1.00
2015.08.12 08:15:01.133,1.41078,1.41098,1.00,1.00
2015.08.12 08:15:02.273,1.41079,1.41099,1.00,1.00
2015.08.12 08:15:03.032,1.41079,1.41098,1.00,1.00
2015.08.12 08:15:03.635,1.41068,1.41081,1.00,1.50
2015.08.12 08:15:03.689,1.41061,1.41081,1.50,1.50
2015.08.12 08:15:04.416,1.41061,1.41079,1.50,1.00
2015.08.12 08:15:06.968,1.41061,1.4108,1.50,1.00
2015.08.12 08:15:08.154,1.41061,1.41081,1.50,1.50
2015.08.12 08:15:25.249,1.41054,1.41076,1.00,1.00
2015.08.12 08:15:25.300,1.41059,1.41078,1.00,1.00
2015.08.12 08:15:25.604,1.41057,1.41072,1.00,1.00
2015.08.12 08:15:25.655,1.41055,1.41071,1.00,1.00
2015.08.12 08:15:26.757,1.41057,1.41071,1.00,1.00
2015.08.12 08:15:27.274,1.41056,1.41071,1.00,1.00
2015.08.12 08:15:28.426,1.41055,1.41071,1.00,1.00
2015.08.12 08:15:29.834,1.41054,1.41069,1.00,1.00
2015.08.12 08:15:31.119,1.41054,1.41067,1.00,1.00
2015.08.12 08:15:31.695,1.41054,1.41065,1.00,1.00
2015.08.12 08:15:32.697,1.41055,1.41065,1.00,1.00
2015.08.12 08:15:33.000,1.41061,1.41067,1.50,1.00
2015.08.12 08:15:33.151,1.41057,1.41078,1.00,1.00
2015.08.12 08:15:33.252,1.41055,1.41077,1.00,1.00
2015.08.12 08:15:33.353,1.41055,1.41071,1.00,1.00
2015.08.12 08:15:33.965,1.41056,1.41074,1.00,1.00
2015.08.12 08:15:34.255,1.41056,1.4107,1.00,1.00
2015.08.12 08:15:34.457,1.41056,1.41074,1.00,1.00
2015.08.12 08:15:35.129,1.41057,1.41074,1.00,1.00
2015.08.12 08:15:35.180,1.41054,1.41065,1.00,1.00
2015.08.12 08:15:35.512,1.41054,1.41063,1.00,1.00
2015.08.12 08:15:36.367,1.41054,1.41062,1.00,1.00
2015.08.12 08:15:36.626,1.41052,1.41061,1.00,1.00
2015.08.12 08:15:37.885,1.41054,1.41062,1.00,1.00
2015.08.12 08:15:38.227,1.41054,1.41067,1.00,1.00
2015.08.12 08:15:38.364,1.41054,1.41071,1.00,1.00
2015.08.12 08:15:38.897,1.41053,1.41063,1.00,1.00
2015.08.12 08:15:40.108,1.41053,1.41061,1.00,1.00
2015.08.12 08:15:42.008,1.41053,1.41063,1.00,1.00
2015.08.12 08:15:43.485,1.41053,1.41066,1.00,1.00
2015.08.12 08:15:43.586,1.41044,1.41066,1.14,1.00
2015.08.12 08:15:43.688,1.4104,1.41061,1.22,1.00
2015.08.12 08:15:43.739,1.4104,1.41061,1.03,1.00
2015.08.12 08:15:43.891,1.41035,1.4106,1.03,1.00
2015.08.12 08:15:44.548,1.41035,1.41053,1.00,1.00
2015.08.12 08:15:44.599,1.4103,1.41051,1.03,1.00
2015.08.12 08:15:44.935,1.4103,1.41048,1.00,1.00
2015.08.12 08:15:45.188,1.41021,1.41045,1.00,1.00
2015.08.12 08:15:45.239,1.41019,1.41043,1.00,1.00
2015.08.12 08:15:45.340,1.41017,1.41043,1.00,1.00
2015.08.12 08:15:45.860,1.41016,1.41042,1.00,1.00
2015.08.12 08:15:45.912,1.41013,1.41036,1.00,1.00
2015.08.12 08:15:47.083,1.41013,1.41038,1.00,1.00
2015.08.12 08:15:47.668,1.41012,1.41038,1.00,1.00
2015.08.12 08:15:51.076,1.41013,1.4104,1.14,1.00
2015.08.12 08:15:52.544,1.41013,1.41038,1.14,1.00
2015.08.12 08:15:52.874,1.41013,1.4104,1.14,1.00
2015.08.12 08:15:53.895,1.41016,1.41041,1.00,1.00
2015.08.12 08:15:54.202,1.41031,1.4104,1.00,1.00
2015.08.12 08:15:55.467,1.41016,1.41039,1.00,1.00
2015.08.12 08:15:55.620,1.41015,1.41037,1.00,1.00
2015.08.12 08:15:55.965,1.41015,1.41035,1.00,1.00
2015.08.12 08:15:57.304,1.41013,1.41035,1.14,1.00
2015.08.12 08:15:59.340,1.41012,1.41037,1.26,1.00
2015.08.12 08:16:00.349,1.41012,1.41037,1.22,1.00
2015.08.12 08:16:00.868,1.41015,1.41036,1.03,1.00
2015.08.12 08:16:01.427,1.41013,1.41041,1.26,1.00
2015.08.12 08:16:01.947,1.41014,1.4104,1.14,1.00
2015.08.12 08:16:02.568,1.41011,1.41033,1.22,1.00
2015.08.12 08:16:02.670,1.4101,1.41032,1.50,1.00
2015.08.12 08:16:02.721,1.4101,1.41027,1.50,1.00
2015.08.12 08:16:03.757,1.41007,1.41024,1.00,1.00
2015.08.12 08:16:03.808,1.40996,1.41019,1.00,1.00
2015.08.12 08:16:03.910,1.40993,1.41019,1.14,1.00
2015.08.12 08:16:03.992,1.40993,1.41017,1.14,1.00
2015.08.12 08:16:04.195,1.40993,1.41019,1.61,1.00
2015.08.12 08:16:04.384,1.40993,1.41013,1.14,1.00
2015.08.12 08:16:05.142,1.4099,1.4101,1.00,1.00
2015.08.12 08:16:05.475,1.40991,1.41008,1.00,1.00
2015.08.12 08:16:06.301,1.4099,1.40995,1.00,1.00
2015.08.12 08:16:06.351,1.4097,1.40994,1.00,1.00
2015.08.12 08:16:06.402,1.4097,1.40991,1.00,1.00
2015.08.12 08:16:06.453,1.40968,1.40991,1.00,1.00
2015.08.12 08:16:06.554,1.40966,1.4099,1.00,1.00
2015.08.12 08:16:06.707,1.40965,1.40987,1.03,1.00
2015.08.12 08:16:07.219,1.40965,1.40989,1.03,1.00
2015.08.12 08:16:07.271,1.4097,1.40994,1.00,1.00
2015.08.12 08:16:07.597,1.40973,1.40995,1.10,1.00
2015.08.12 08:16:08.815,1.40973,1.40993,1.10,1.00
2015.08.12 08:16:09.114,1.40974,1.40996,1.10,1.00
2015.08.12 08:16:09.215,1.40974,1.40998,1.10,1.00
2015.08.12 08:16:09.946,1.40983,1.41002,1.00,1.00
2015.08.12 08:16:09.997,1.40985,1.41002,1.00,1.00
2015.08.12 08:16:10.148,1.40985,1.41007,1.00,1.00
2015.08.12 08:16:10.199,1.40986,1.4101,1.00,1.00
2015.08.12 08:16:11.093,1.40989,1.41013,1.00,1.00
2015.08.12 08:16:11.724,1.40988,1.4101,1.00,1.00
2015.08.12 08:16:12.888,1.40988,1.41008,1.00,1.00
2015.08.12 08:16:13.536,1.40988,1.41003,1.00,1.00
2015.08.12 08:16:13.590,1.40985,1.41003,1.00,1.00
2015.08.12 08:16:13.691,1.40985,1.41007,1.00,1.00
2015.08.12 08:16:13.893,1.40985,1.41009,1.00,1.50
2015.08.12 08:16:14.975,1.40985,1.41007,1.00,1.00
2015.08.12 08:16:16.089,1.40985,1.41009,1.00,1.00
2015.08.12 08:16:16.565,1.40988,1.4101,1.00,1.00
2015.08.12 08:16:18.727,1.40989,1.41013,1.00,1.00
2015.08.12 08:16:20.040,1.40985,1.41007,1.00,1.00
2015.08.12 08:16:20.625,1.40987,1.41009,1.00,1.00
2015.08.12 08:16:20.943,1.40989,1.41011,1.00,1.00
2015.08.12 08:16:21.502,1.40988,1.41012,1.00,1.00
2015.08.12 08:16:21.849,1.4099,1.41012,1.00,1.00
2015.08.12 08:16:23.343,1.4099,1.41013,1.00,1.00
2015.08.12 08:16:23.663,1.40992,1.41015,1.00,1.00
2015.08.12 08:16:24.416,1.40992,1.41017,1.00,1.50
2015.08.12 08:16:24.721,1.40989,1.41014,1.00,1.00
2015.08.12 08:16:25.689,1.4099,1.41015,1.00,1.00
2015.08.12 08:16:25.991,1.40994,1.41019,1.00,1.00
2015.08.12 08:16:26.742,1.40994,1.41017,1.00,1.00
2015.08.12 08:16:27.964,1.40994,1.41019,1.00,1.00
2015.08.12 08:16:28.547,1.40993,1.41014,1.87,1.00
2015.08.12 08:16:29.180,1.40991,1.41014,1.00,1.00
2015.08.12 08:16:30.513,1.40995,1.41018,1.00,1.00
2015.08.12 08:16:30.855,1.40996,1.4102,1.00,1.00
2015.08.12 08:16:31.779,1.40996,1.41021,1.00,1.50
2015.08.12 08:16:31.835,1.40996,1.41019,1.00,1.50
2015.08.12 08:16:35.812,1.40996,1.41021,1.00,1.50
2015.08.12 08:16:43.985,1.40997,1.4102,1.00,1.00
2015.08.12 08:16:47.036,1.40996,1.41021,1.00,1.00
2015.08.12 08:16:51.123,1.40997,1.4102,1.00,1.00
2015.08.12 08:16:52.877,1.40998,1.41021,1.00,1.00
2015.08.12 08:16:53.550,1.40997,1.4102,1.00,1.00
2015.08.12 08:16:54.133,1.40996,1.41021,1.00,1.00
2015.08.12 08:16:57.839,1.40997,1.4102,1.00,1.00
2015.08.12 08:16:58.891,1.40999,1.41022,1.00,1.00
2015.08.12 08:17:00.422,1.40996,1.41019,1.00,1.00
2015.08.12 08:17:01.672,1.40996,1.41021,1.00,1.00
2015.08.12 08:17:02.217,1.40997,1.4102,1.00,1.00
2015.08.12 08:17:02.937,1.40995,1.4102,1.00,1.00
2015.08.12 08:17:06.322,1.40996,1.41021,1.00,1.00
2015.08.12 08:17:09.206,1.40997,1.4102,1.00,1.00
2015.08.12 08:17:09.359,1.40998,1.41023,1.00,1.00
2015.08.12 08:17:10.896,1.4099,1.41015,1.50,1.00
2015.08.12 08:17:11.612,1.40987,1.4101,1.00,1.00
2015.08.12 08:17:12.956,1.40985,1.4101,1.00,1.00
2015.08.12 08:17:13.108,1.40983,1.41008,1.00,1.00
2015.08.12 08:17:13.413,1.40982,1.41005,1.00,1.00
2015.08.12 08:17:14.473,1.40981,1.41004,1.00,1.00
2015.08.12 08:17:15.092,1.4098,1.41005,1.00,1.00
2015.08.12 08:17:16.937,1.40979,1.41004,1.00,1.00
2015.08.12 08:17:17.613,1.40978,1.41001,1.00,1.00
2015.08.12 08:17:18.846,1.40977,1.41,1.00,1.00
2015.08.12 08:17:21.110,1.40976,1.41001,1.00,1.00
2015.08.12 08:17:22.222,1.40978,1.41001,1.00,1.00
2015.08.12 08:17:23.102,1.40976,1.40999,1.00,1.00
2015.08.12 08:17:23.162,1.40958,1.41015,1.00,1.00
2015.08.12 08:17:23.264,1.40955,1.41015,1.00,1.00
2015.08.12 08:17:23.468,1.40945,1.41014,1.00,1.00
2015.08.12 08:17:24.129,1.40952,1.40975,1.00,1.65
2015.08.12 08:17:24.432,1.40958,1.40971,1.00,1.00
2015.08.12 08:17:24.483,1.40958,1.40979,1.00,1.00
2015.08.12 08:17:24.534,1.40961,1.40984,1.00,1.00
2015.08.12 08:17:25.132,1.40959,1.40984,1.00,1.00
2015.08.12 08:17:25.335,1.40954,1.40979,1.00,1.00
2015.08.12 08:17:26.064,1.40951,1.40976,1.00,1.00
2015.08.12 08:17:26.385,1.40957,1.40982,1.00,1.00
2015.08.12 08:17:27.117,1.4096,1.40983,1.00,1.00
2015.08.12 08:17:27.641,1.40961,1.40984,1.00,1.00
2015.08.12 08:17:28.388,1.40958,1.40983,1.00,1.00
2015.08.12 08:17:28.645,1.40955,1.40978,1.50,1.00
2015.08.12 08:17:28.989,1.40955,1.40976,1.00,1.00
2015.08.12 08:17:29.557,1.40947,1.40972,1.00,1.00
2015.08.12 08:17:29.608,1.40951,1.40973,1.00,1.00
2015.08.12 08:17:29.851,1.40948,1.40973,1.00,1.00
2015.08.12 08:17:30.638,1.4095,1.40973,1.00,1.00
2015.08.12 08:17:31.192,1.4095,1.40974,1.00,1.00
2015.08.12 08:17:31.804,1.40949,1.40974,1.00,1.00
2015.08.12 08:17:33.566,1.4095,1.40973,1.00,1.00
2015.08.12 08:17:34.909,1.40949,1.40972,1.50,1.00
2015.08.12 08:17:35.125,1.40949,1.40974,1.50,1.00
2015.08.12 08:17:38.727,1.40943,1.40968,1.00,1.00
2015.08.12 08:17:39.435,1.40944,1.40968,1.00,1.00
2015.08.12 08:17:40.714,1.40943,1.40968,1.50,1.00
2015.08.12 08:17:41.583,1.40948,1.40971,1.00,1.00
2015.08.12 08:17:41.947,1.40951,1.40974,1.00,1.00
2015.08.12 08:17:42.600,1.40947,1.40972,1.00,1.00
2015.08.12 08:17:43.072,1.40947,1.40967,1.00,1.00
2015.08.12 08:17:43.375,1.40944,1.4096,1.00,1.00
2015.08.12 08:17:43.896,1.40934,1.40952,1.00,1.00
2015.08.12 08:17:43.947,1.40923,1.40947,1.00,1.00
2015.08.12 08:17:44.049,1.40923,1.40944,1.00,1.00
2015.08.12 08:17:44.150,1.40919,1.40944,1.00,1.00
2015.08.12 08:17:44.402,1.40916,1.40941,1.00,1.00
2015.08.12 08:17:45.160,1.40917,1.40942,1.00,1.00
2015.08.12 08:17:47.059,1.40918,1.40943,1.00,1.00
2015.08.12 08:17:48.366,1.40912,1.40937,1.00,1.00
2015.08.12 08:17:49.560,1.40913,1.40936,1.00,1.00
2015.08.12 08:17:50.838,1.40911,1.40936,1.00,1.00
2015.08.12 08:17:53.615,1.40912,1.40937,1.00,1.00
2015.08.12 08:17:57.425,1.40912,1.40935,1.00,1.00
2015.08.12 08:18:00.880,1.40911,1.40932,1.00,1.00
2015.08.12 08:18:02.102,1.4091,1.40932,1.00,1.00
2015.08.12 08:18:02.676,1.4091,1.40928,1.00,1.00
2015.08.12 08:18:03.342,1.4091,1.40931,1.00,1.00
2015.08.12 08:18:04.719,1.40908,1.4093,1.00,1.00
2015.08.12 08:18:05.806,1.40908,1.40927,1.00,1.00
2015.08.12 08:18:05.958,1.40908,1.4093,1.00,1.00
2015.08.12 08:18:06.160,1.40911,1.4093,1.00,1.00
2015.08.12 08:18:06.262,1.40911,1.40934,1.00,1.00
2015.08.12 08:18:06.967,1.40912,1.40935,1.00,1.00
2015.08.12 08:18:07.279,1.4091,1.4093,1.00,1.00
2015.08.12 08:18:08.175,1.40909,1.4093,1.00,1.00
2015.08.12 08:18:08.485,1.40909,1.40928,1.00,1.00
2015.08.12 08:18:10.916,1.40909,1.4093,1.00,1.00
2015.08.12 08:18:11.497,1.4091,1.4093,1.00,1.00
2015.08.12 08:18:13.881,1.40902,1.40923,1.26,1.00
2015.08.12 08:18:14.032,1.409,1.4092,1.00,1.00
2015.08.12 08:18:14.083,1.40902,1.40923,1.00,1.00
2015.08.12 08:18:14.184,1.4091,1.40926,1.00,1.00
2015.08.12 08:18:14.336,1.40907,1.40926,1.00,1.00
2015.08.12 08:18:15.522,1.40899,1.40919,1.00,1.00
2015.08.12 08:18:15.623,1.40901,1.40924,1.00,1.00
2015.08.12 08:18:15.724,1.40908,1.40925,1.00,1.00
2015.08.12 08:18:15.977,1.40907,1.40931,1.00,1.00
2015.08.12 08:18:16.078,1.40909,1.40931,1.00,1.00
2015.08.12 08:18:16.703,1.40902,1.40925,1.00,1.00
2015.08.12 08:18:16.871,1.409,1.40924,1.00,1.00
2015.08.12 08:18:17.482,1.40902,1.40926,1.00,1.00
2015.08.12 08:18:18.172,1.40903,1.40927,1.00,1.00
2015.08.12 08:18:18.630,1.40906,1.40928,1.00,1.00
2015.08.12 08:18:18.731,1.40907,1.40931,1.00,1.00
2015.08.12 08:18:21.020,1.4091,1.40933,1.00,1.00
2015.08.12 08:18:21.224,1.40914,1.40938,1.00,1.50
2015.08.12 08:18:22.189,1.40914,1.40936,1.00,1.00
2015.08.12 08:18:23.248,1.40915,1.40936,1.00,1.00
2015.08.12 08:18:23.302,1.40913,1.40936,1.00,1.00
2015.08.12 08:18:23.678,1.40913,1.40932,1.00,1.00
2015.08.12 08:18:23.869,1.4091,1.40932,1.00,1.00
2015.08.12 08:18:24.807,1.40909,1.40933,1.00,1.00
2015.08.12 08:18:24.858,1.40906,1.40922,1.00,1.00
2015.08.12 08:18:25.009,1.40904,1.40922,1.00,1.00
2015.08.12 08:18:25.071,1.40902,1.40922,1.00,1.00
2015.08.12 08:18:25.203,1.40902,1.4092,1.00,1.00
2015.08.12 08:18:25.592,1.40902,1.40918,1.00,1.00
2015.08.12 08:18:26.501,1.409,1.40918,1.00,1.00
2015.08.12 08:18:26.653,1.40897,1.40918,1.00,1.00
2015.08.12 08:18:26.754,1.40895,1.40919,1.00,1.00
2015.08.12 08:18:26.956,1.40895,1.40917,1.00,1.00
2015.08.12 08:18:27.689,1.4089,1.40912,1.00,1.00
2015.08.12 08:18:27.841,1.40896,1.4092,1.00,1.00
2015.08.12 08:18:27.992,1.40898,1.4092,1.00,1.00
2015.08.12 08:18:28.043,1.40899,1.40923,1.00,1.00
2015.08.12 08:18:28.152,1.40903,1.40927,1.00,1.00
2015.08.12 08:18:29.899,1.40902,1.40926,1.00,1.00
2015.08.12 08:18:32.444,1.40845,1.40857,1.00,1.00
2015.08.12 08:18:32.495,1.40831,1.40857,1.00,1.00
2015.08.12 08:18:32.697,1.40841,1.40866,1.00,1.00
2015.08.12 08:18:32.799,1.40843,1.40872,1.50,1.00
2015.08.12 08:18:33.900,1.40837,1.40864,1.00,1.00
2015.08.12 08:18:35.647,1.40834,1.40863,1.00,1.00
2015.08.12 08:18:37.986,1.40832,1.40861,1.00,1.00
2015.08.12 08:18:38.296,1.40839,1.40863,1.00,1.50
2015.08.12 08:18:38.449,1.40839,1.40865,1.00,1.00
2015.08.12 08:18:38.550,1.40836,1.40865,1.50,1.00
2015.08.12 08:18:38.651,1.40836,1.40862,1.00,1.00
2015.08.12 08:18:39.207,1.40834,1.40859,1.00,1.00
2015.08.12 08:18:39.723,1.40834,1.4086,1.00,1.00
2015.08.12 08:18:40.025,1.40841,1.40862,1.00,1.00
2015.08.12 08:18:40.631,1.40843,1.40865,1.00,1.00
2015.08.12 08:18:41.179,1.40843,1.40866,1.00,1.00
2015.08.12 08:18:41.908,1.40843,1.40865,1.00,1.00
2015.08.12 08:18:43.828,1.40831,1.40858,1.00,1.00
2015.08.12 08:18:44.344,1.4083,1.40857,1.50,1.00
2015.08.12 08:18:44.980,1.40829,1.40854,1.00,1.00
2015.08.12 08:18:45.513,1.40828,1.40853,1.00,1.00
2015.08.12 08:18:46.155,1.40828,1.40852,1.00,1.00
2015.08.12 08:18:46.503,1.4083,1.40854,1.50,1.00
2015.08.12 08:18:46.806,1.40828,1.40852,1.00,1.00
2015.08.12 08:18:47.445,1.40827,1.40851,1.00,1.00
2015.08.12 08:18:47.961,1.40826,1.40852,1.00,1.00
2015.08.12 08:18:48.645,1.40827,1.40851,1.00,1.00
2015.08.12 08:18:50.114,1.40827,1.40853,1.00,1.00
2015.08.12 08:18:50.521,1.40829,1.40853,1.00,1.00
2015.08.12 08:18:51.843,1.40828,1.40852,1.00,1.00
2015.08.12 08:18:51.995,1.40826,1.40852,1.00,1.00
2015.08.12 08:18:54.081,1.40831,1.40855,1.00,1.00
2015.08.12 08:18:54.623,1.40827,1.40849,1.00,1.00
2015.08.12 08:18:55.245,1.40826,1.40849,1.00,1.00
2015.08.12 08:18:58.563,1.40829,1.40849,1.00,1.00
2015.08.12 08:18:58.614,1.40832,1.40855,1.00,1.00
2015.08.12 08:18:59.102,1.4083,1.40855,1.50,1.00
2015.08.12 08:19:04.980,1.40831,1.40855,1.00,1.00
2015.08.12 08:19:06.106,1.40832,1.40856,1.00,1.00
2015.08.12 08:19:06.608,1.40831,1.40855,1.50,1.00
2015.08.12 08:19:08.811,1.40832,1.40854,1.00,1.00
2015.08.12 08:19:11.784,1.40826,1.40848,1.00,1.00
2015.08.12 08:19:12.303,1.40825,1.40848,1.00,1.00
2015.08.12 08:19:12.879,1.40826,1.40848,1.00,1.00
2015.08.12 08:19:15.599,1.40825,1.40849,1.50,1.00
2015.08.12 08:19:16.529,1.40823,1.40844,1.00,1.00
2015.08.12 08:19:18.001,1.40823,1.40846,1.00,1.00
2015.08.12 08:19:19.779,1.40824,1.40846,1.00,1.00
2015.08.12 08:19:21.240,1.40819,1.40838,1.37,1.00
2015.08.12 08:19:21.544,1.40826,1.40847,1.00,1.00
2015.08.12 08:19:21.695,1.4083,1.40851,1.00,1.00
2015.08.12 08:19:22.002,1.40825,1.40843,1.50,1.00
2015.08.12 08:19:22.053,1.40821,1.40843,1.00,1.00
2015.08.12 08:19:22.568,1.40825,1.40843,1.00,1.00
2015.08.12 08:19:22.619,1.4083,1.40851,1.00,1.00
2015.08.12 08:19:22.770,1.40831,1.40853,1.50,1.00
2015.08.12 08:19:23.873,1.40831,1.40854,1.00,1.00
2015.08.12 08:19:27.029,1.40823,1.40845,1.00,1.00
2015.08.12 08:19:27.281,1.40821,1.40845,1.00,1.00
2015.08.12 08:19:27.382,1.40816,1.40838,1.27,1.00
2015.08.12 08:19:27.685,1.4081,1.40832,1.27,1.00
2015.08.12 08:19:28.255,1.40808,1.40832,2.74,1.00
2015.08.12 08:19:28.658,1.40807,1.40831,1.00,1.00
2015.08.12 08:19:28.709,1.40804,1.40828,1.00,1.00
2015.08.12 08:19:29.692,1.40807,1.40831,1.00,1.00
2015.08.12 08:19:31.567,1.40809,1.40833,1.00,1.00
2015.08.12 08:19:31.891,1.40813,1.40837,1.00,1.00
2015.08.12 08:19:33.844,1.40823,1.40837,1.00,1.00
2015.08.12 08:19:34.066,1.4083,1.40845,1.00,1.00
2015.08.12 08:19:34.117,1.40831,1.40853,1.00,1.00
2015.08.12 08:19:34.783,1.40832,1.40856,1.00,1.05
2015.08.12 08:19:35.729,1.40831,1.40855,1.00,1.00
2015.08.12 08:19:36.844,1.40834,1.40858,1.00,1.00
2015.08.12 08:19:37.153,1.40827,1.40851,1.00,1.00
2015.08.12 08:19:37.477,1.40824,1.40848,1.00,1.00
2015.08.12 08:19:38.116,1.40823,1.40847,1.00,1.00
2015.08.12 08:19:38.690,1.40824,1.40846,1.00,1.00
2015.08.12 08:19:40.265,1.40823,1.40845,1.00,1.00
2015.08.12 08:19:41.305,1.40822,1.40844,1.00,1.00
2015.08.12 08:19:42.853,1.40817,1.40841,1.00,1.00
2015.08.12 08:19:44.551,1.40808,1.4083,1.00,1.00
2015.08.12 08:19:44.602,1.40806,1.4083,1.00,1.00
2015.08.12 08:19:47.361,1.40807,1.4083,1.00,1.00
2015.08.12 08:19:47.415,1.40821,1.40837,1.00,1.00
2015.08.12 08:19:47.465,1.40822,1.40842,1.00,1.00
2015.08.12 08:19:47.567,1.40824,1.40842,1.00,1.00
2015.08.12 08:19:47.909,1.40826,1.4085,1.00,1.00
2015.08.12 08:19:49.632,1.40821,1.40845,1.00,1.00
2015.08.12 08:19:50.201,1.40819,1.40843,1.00,1.00
2015.08.12 08:19:51.844,1.40817,1.40841,1.00,1.00
2015.08.12 08:19:52.196,1.40819,1.40841,1.00,1.00
2015.08.12 08:19:53.469,1.40812,1.40836,1.00,1.00
2015.08.12 08:19:59.040,1.40813,1.40837,1.00,1.00
2015.08.12 08:19:59.599,1.40814,1.40836,1.00,1.00
2015.08.12 08:20:01.884,1.40805,1.40825,1.00,1.00
2015.08.12 08:20:01.985,1.40798,1.40819,1.00,1.00
2015.08.12 08:20:02.523,1.40798,1.4082,1.00,1.50
2015.08.12 08:20:03.086,1.40801,1.4082,1.00,1.00
2015.08.12 08:20:03.140,1.40801,1.40825,1.00,1.00
2015.08.12 08:20:03.191,1.40805,1.40827,1.00,1.00
2015.08.12 08:20:03.720,1.40804,1.40828,1.00,1.00
2015.08.12 08:20:04.431,1.40805,1.40829,1.00,1.00
2015.08.12 08:20:04.850,1.40807,1.40831,1.00,1.00
2015.08.12 08:20:05.754,1.40808,1.4083,1.00,1.00
2015.08.12 08:20:06.265,1.40809,1.40831,1.00,1.00
2015.08.12 08:20:07.714,1.4081,1.40832,1.00,1.00
2015.08.12 08:20:09.078,1.40809,1.40833,1.00,1.00
2015.08.12 08:20:09.599,1.4081,1.40832,1.00,1.00
2015.08.12 08:20:10.320,1.40809,1.40833,1.00,1.00
2015.08.12 08:20:10.939,1.40808,1.40832,1.00,1.00
2015.08.12 08:20:11.554,1.40809,1.40831,1.00,1.00
2015.08.12 08:20:12.166,1.40808,1.40832,1.00,1.00
2015.08.12 08:20:12.792,1.4081,1.40832,1.00,1.00
2015.08.12 08:20:13.305,1.40807,1.40829,1.00,1.00
2015.08.12 08:20:13.507,1.408,1.40824,1.00,1.00
2015.08.12 08:20:13.622,1.40798,1.40822,1.00,1.00
2015.08.12 08:20:14.187,1.40804,1.40828,1.00,1.00
2015.08.12 08:20:14.490,1.40806,1.40828,1.00,1.00
2015.08.12 08:20:14.991,1.40805,1.40827,1.00,1.00
2015.08.12 08:20:19.796,1.40804,1.40828,1.00,1.00
2015.08.12 08:20:27.235,1.40806,1.40828,1.00,1.00
2015.08.12 08:20:28.619,1.40805,1.40829,1.00,1.00
2015.08.12 08:20:30.146,1.40806,1.40828,1.00,1.00
2015.08.12 08:20:31.304,1.40805,1.40829,1.00,1.00
2015.08.12 08:20:31.853,1.40806,1.40828,1.00,1.00
2015.08.12 08:20:34.865,1.40806,1.4083,1.00,1.00
2015.08.12 08:20:39.241,1.40804,1.40826,1.00,1.00
2015.08.12 08:20:39.980,1.40801,1.40823,1.00,1.00
2015.08.12 08:20:40.551,1.408,1.40822,1.00,1.00
2015.08.12 08:20:43.329,1.40799,1.40823,1.00,1.00
2015.08.12 08:20:44.291,1.408,1.40822,1.00,1.00
2015.08.12 08:20:45.763,1.40799,1.40823,1.00,1.00
2015.08.12 08:20:48.537,1.40797,1.40821,1.00,1.00
2015.08.12 08:20:51.391,1.40795,1.40819,1.00,1.00
2015.08.12 08:20:51.735,1.40794,1.40816,1.00,1.00
2015.08.12 08:20:51.887,1.40792,1.40815,1.00,1.00
2015.08.12 08:20:52.742,1.40792,1.40812,1.00,1.00
2015.08.12 08:20:54.069,1.40792,1.40813,1.00,1.00
2015.08.12 08:20:54.438,1.40793,1.40815,1.00,1.00
2015.08.12 08:20:54.548,1.40795,1.40816,1.00,1.00
2015.08.12 08:20:55.377,1.40795,1.40817,1.00,1.00
2015.08.12 08:20:55.901,1.40794,1.40816,1.00,1.00
2015.08.12 08:20:56.925,1.40793,1.40813,1.00,1.00
2015.08.12 08:20:56.976,1.40792,1.40816,1.00,1.00
2015.08.12 08:20:57.584,1.40806,1.40817,1.00,1.00
2015.08.12 08:20:58.195,1.4081,1.40818,1.00,1.00
2015.08.12 08:20:58.246,1.40801,1.40825,1.00,1.00
2015.08.12 08:20:59.385,1.40802,1.40826,1.00,1.00
2015.08.12 08:21:00.001,1.40803,1.40827,1.00,1.00
2015.08.12 08:21:01.444,1.40803,1.40825,1.00,1.00
2015.08.12 08:21:03.065,1.40804,1.40825,1.00,1.00
2015.08.12 08:21:03.116,1.40811,1.40833,1.00,1.00
2015.08.12 08:21:03.217,1.40817,1.40838,1.00,1.00
2015.08.12 08:21:03.945,1.40816,1.40838,1.00,1.00
2015.08.12 08:21:04.362,1.40818,1.4084,1.00,1.00
2015.08.12 08:21:05.613,1.40817,1.40841,1.00,1.50
2015.08.12 08:21:06.516,1.40815,1.40839,1.00,1.00
2015.08.12 08:21:06.722,1.40815,1.40836,1.00,1.00
2015.08.12 08:21:07.202,1.40819,1.40836,1.00,1.00
2015.08.12 08:21:07.722,1.40821,1.40836,1.00,1.00
2015.08.12 08:21:07.786,1.40821,1.40841,1.00,1.00
2015.08.12 08:21:09.143,1.40831,1.40838,1.00,1.00
2015.08.12 08:21:09.395,1.40823,1.40845,1.00,1.00
2015.08.12 08:21:09.496,1.40821,1.40842,1.00,1.00
2015.08.12 08:21:09.839,1.40819,1.40842,1.00,1.00
2015.08.12 08:21:09.940,1.40819,1.4084,1.00,1.00
2015.08.12 08:21:10.568,1.40819,1.40838,1.00,1.00
2015.08.12 08:21:10.720,1.40819,1.4084,1.00,1.00
2015.08.12 08:21:11.050,1.40819,1.40838,1.00,1.00
2015.08.12 08:21:12.114,1.40819,1.4084,1.00,1.00
2015.08.12 08:21:13.503,1.40819,1.40843,1.00,1.00
2015.08.12 08:21:14.022,1.4082,1.40843,1.00,1.00
2015.08.12 08:21:14.072,1.40822,1.40843,1.00,1.00
2015.08.12 08:21:15.347,1.40827,1.40849,1.00,1.00
2015.08.12 08:21:16.773,1.40831,1.40849,1.00,1.00
2015.08.12 08:21:16.874,1.40831,1.40851,1.00,1.00
2015.08.12 08:21:16.976,1.40833,1.40851,1.00,1.00
2015.08.12 08:21:17.077,1.40833,1.40855,1.00,1.00
2015.08.12 08:21:17.269,1.40833,1.40857,1.00,1.50
2015.08.12 08:21:18.249,1.40832,1.40854,1.00,1.00
2015.08.12 08:21:19.568,1.40832,1.40853,1.00,1.00
2015.08.12 08:21:19.881,1.4084,1.40854,1.00,1.00
2015.08.12 08:21:19.933,1.40841,1.40859,1.00,1.00
2015.08.12 08:21:20.662,1.40844,1.40866,1.00,1.14
2015.08.12 08:21:20.713,1.40844,1.40868,1.00,1.50
2015.08.12 08:21:20.940,1.40846,1.40868,1.00,1.00
2015.08.12 08:21:21.924,1.40846,1.40869,1.00,3.02
2015.08.12 08:21:22.227,1.40844,1.40867,1.00,1.00
2015.08.12 08:21:23.110,1.40844,1.40864,1.00,1.00
2015.08.12 08:21:24.536,1.40853,1.40875,1.00,1.00
2015.08.12 08:21:25.819,1.40855,1.40878,1.00,1.00
2015.08.12 08:21:27.192,1.40855,1.40875,1.00,1.00
2015.08.12 08:21:27.879,1.40858,1.40879,1.00,1.03
2015.08.12 08:21:29.122,1.40863,1.40885,1.00,1.22
2015.08.12 08:21:29.177,1.40863,1.40885,1.00,1.00
2015.08.12 08:21:30.293,1.40864,1.40886,1.00,1.00
2015.08.12 08:21:30.821,1.40862,1.40886,1.00,1.00
2015.08.12 08:21:31.610,1.40867,1.40887,1.00,1.00
2015.08.12 08:21:32.139,1.40866,1.40887,1.00,1.00
2015.08.12 08:21:34.366,1.40865,1.40887,1.00,1.00
2015.08.12 08:21:34.467,1.4086,1.40884,1.00,1.00
2015.08.12 08:21:34.568,1.40858,1.4088,1.00,1.00
2015.08.12 08:21:35.285,1.40857,1.40879,1.00,1.50
2015.08.12 08:21:35.336,1.40854,1.40878,1.00,1.00
2015.08.12 08:21:35.690,1.40852,1.40876,1.00,1.00
2015.08.12 08:21:36.544,1.40852,1.40874,1.00,1.00
2015.08.12 08:21:36.861,1.40849,1.40871,1.00,1.10
2015.08.12 08:21:37.213,1.40851,1.40875,1.00,1.07
2015.08.12 08:21:37.264,1.40851,1.40875,1.00,1.00
2015.08.12 08:21:42.605,1.40849,1.40871,1.00,1.00
2015.08.12 08:21:47.214,1.40848,1.40871,1.00,1.00
2015.08.12 08:21:47.739,1.40851,1.40874,1.00,1.00
2015.08.12 08:21:48.563,1.40849,1.40872,1.00,1.00
2015.08.12 08:21:49.110,1.40848,1.40873,1.00,1.00
2015.08.12 08:21:51.163,1.40848,1.40871,1.00,1.00
2015.08.12 08:21:51.985,1.40847,1.40872,1.00,1.00
2015.08.12 08:21:52.786,1.40848,1.40871,1.00,1.00
2015.08.12 08:21:56.353,1.40848,1.40873,1.00,1.00
2015.08.12 08:21:56.455,1.4085,1.40873,1.00,1.00
2015.08.12 08:22:00.362,1.40855,1.40878,1.00,1.00
2015.08.12 08:22:00.413,1.40857,1.40882,1.00,1.00
2015.08.12 08:22:00.514,1.4086,1.40883,1.00,1.00
2015.08.12 08:22:01.029,1.40859,1.40884,1.00,1.00
2015.08.12 08:22:01.801,1.40859,1.40882,1.00,1.00
2015.08.12 08:22:03.366,1.40851,1.40875,1.00,1.00
2015.08.12 08:22:03.882,1.40851,1.40874,1.00,1.00
2015.08.12 08:22:06.337,1.40849,1.40872,1.00,1.00
2015.08.12 08:22:06.439,1.40846,1.40871,1.00,1.00
2015.08.12 08:22:06.989,1.40846,1.40869,1.00,1.00
2015.08.12 08:22:11.100,1.40846,1.40867,1.00,1.00
2015.08.12 08:22:12.675,1.40846,1.40869,1.00,1.50
2015.08.12 08:22:13.087,1.40842,1.40865,1.00,1.00
2015.08.12 08:22:13.137,1.4084,1.40865,1.00,1.00
2015.08.12 08:22:13.289,1.40837,1.40862,1.00,1.00
2015.08.12 08:22:13.898,1.40833,1.40856,1.00,1.00
2015.08.12 08:22:15.386,1.40832,1.40857,1.00,1.00
2015.08.12 08:22:17.147,1.40831,1.40856,1.00,1.00
2015.08.12 08:22:18.331,1.40831,1.40854,1.00,1.00
2015.08.12 08:22:18.836,1.4083,1.40855,1.00,1.50
2015.08.12 08:22:20.568,1.4083,1.40854,1.00,1.00
2015.08.12 08:22:21.538,1.40826,1.40851,1.00,1.00
2015.08.12 08:22:21.589,1.40826,1.40848,1.00,1.00
2015.08.12 08:22:21.640,1.40824,1.40848,1.00,1.00
2015.08.12 08:22:21.989,1.40825,1.40845,1.00,1.00
2015.08.12 08:22:23.245,1.40825,1.40846,1.00,1.00
2015.08.12 08:22:24.669,1.40824,1.40847,1.00,1.00
2015.08.12 08:22:26.469,1.40824,1.40841,1.00,1.00
2015.08.12 08:22:26.519,1.40819,1.40841,1.00,1.00
2015.08.12 08:22:26.570,1.40816,1.40841,1.00,1.50
2015.08.12 08:22:27.626,1.40816,1.40835,1.00,1.00
2015.08.12 08:22:28.998,1.40812,1.40834,1.50,1.00
2015.08.12 08:22:29.562,1.40812,1.40833,1.50,1.00
2015.08.12 08:22:30.664,1.40812,1.40835,1.50,1.00
2015.08.12 08:22:31.331,1.40812,1.40834,1.00,1.00
2015.08.12 08:22:35.250,1.40812,1.40833,1.00,1.00
2015.08.12 08:22:35.811,1.40812,1.40832,1.00,1.00
2015.08.12 08:22:36.690,1.40812,1.40835,1.00,1.50
2015.08.12 08:22:42.986,1.40798,1.40818,1.00,1.00
2015.08.12 08:22:43.037,1.40795,1.40818,1.00,1.00
2015.08.12 08:22:43.189,1.40793,1.40818,1.00,1.00
2015.08.12 08:22:43.695,1.40794,1.40817,1.00,1.00
2015.08.12 08:22:46.391,1.40797,1.4082,1.00,1.00
2015.08.12 08:22:46.808,1.408,1.40823,1.00,1.00
2015.08.12 08:22:48.890,1.40801,1.40824,1.00,1.00
2015.08.12 08:22:50.209,1.40803,1.40826,1.00,1.00
2015.08.12 08:22:50.772,1.40802,1.40827,1.00,1.00
2015.08.12 08:22:51.573,1.40803,1.40828,1.00,1.00
2015.08.12 08:22:52.576,1.40803,1.40826,1.00,1.00
2015.08.12 08:22:53.842,1.40799,1.40822,1.50,1.00
2015.08.12 08:22:54.147,1.40801,1.40824,1.00,1.00
2015.08.12 08:22:54.431,1.40801,1.40826,1.00,1.00
2015.08.12 08:22:55.323,1.40801,1.40824,1.00,1.00
2015.08.12 08:23:00.162,1.40801,1.40826,1.00,1.00
2015.08.12 08:23:02.431,1.40803,1.40826,1.00,1.00
2015.08.12 08:23:03.008,1.40804,1.40826,1.00,1.00
2015.08.12 08:23:04.329,1.40804,1.40827,1.50,1.00
2015.08.12 08:23:06.939,1.40811,1.4083,1.00,1.00
2015.08.12 08:23:07.040,1.40809,1.4083,1.50,1.00
2015.08.12 08:23:08.286,1.40808,1.4083,1.00,1.00
2015.08.12 08:23:08.337,1.40811,1.4083,1.00,1.00
2015.08.12 08:23:08.539,1.40804,1.40829,1.00,1.00
2015.08.12 08:23:09.463,1.40805,1.40828,1.00,1.00
2015.08.12 08:23:09.665,1.40807,1.40827,1.00,1.00
2015.08.12 08:23:10.209,1.40806,1.40826,1.00,1.00
2015.08.12 08:23:10.894,1.40801,1.40826,1.00,1.00
2015.08.12 08:23:12.065,1.40805,1.40826,1.00,1.00
2015.08.12 08:23:12.570,1.40805,1.40825,1.00,1.00
2015.08.12 08:23:13.282,1.40804,1.40825,1.00,1.00
2015.08.12 08:23:14.810,1.40805,1.40825,1.00,1.00
2015.08.12 08:23:15.410,1.40805,1.40826,1.00,1.00
2015.08.12 08:23:16.831,1.40804,1.40826,1.00,1.00
2015.08.12 08:23:17.660,1.40804,1.40824,1.00,1.00
2015.08.12 08:23:18.970,1.40804,1.40826,1.00,1.00
2015.08.12 08:23:19.038,1.40805,1.4083,1.00,1.00
2015.08.12 08:23:19.560,1.40806,1.40831,1.00,1.00
2015.08.12 08:23:20.860,1.40808,1.40831,1.00,1.00
2015.08.12 08:23:21.444,1.40807,1.4083,1.00,1.00
2015.08.12 08:23:23.525,1.40809,1.40831,1.00,1.00
2015.08.12 08:23:25.025,1.40809,1.40832,1.50,1.00
2015.08.12 08:23:25.532,1.4081,1.40832,1.00,1.00
2015.08.12 08:23:29.819,1.4081,1.40833,1.50,1.00
2015.08.12 08:23:30.388,1.40812,1.40835,2.25,1.00
2015.08.12 08:23:31.600,1.40814,1.40836,1.00,1.00
2015.08.12 08:23:32.741,1.40814,1.40835,1.00,1.00
2015.08.12 08:23:33.077,1.40818,1.40838,1.00,1.00
2015.08.12 08:23:33.401,1.4082,1.40838,1.00,1.00
2015.08.12 08:23:34.600,1.40817,1.40837,1.00,1.00
2015.08.12 08:23:34.701,1.40815,1.40837,1.00,1.00
2015.08.12 08:23:34.877,1.40815,1.40835,1.00,1.00
2015.08.12 08:23:35.912,1.40815,1.40836,1.00,1.00
2015.08.12 08:23:37.173,1.40816,1.40836,1.00,1.00
2015.08.12 08:23:37.647,1.40816,1.40839,1.00,1.00
2015.08.12 08:23:38.852,1.40817,1.4084,1.00,1.00
2015.08.12 08:23:41.111,1.40818,1.40841,1.00,1.00
2015.08.12 08:23:41.641,1.40817,1.4084,1.00,1.00
2015.08.12 08:23:42.720,1.40818,1.40841,1.00,1.00
2015.08.12 08:23:43.604,1.40816,1.40839,1.00,1.00
2015.08.12 08:23:44.794,1.40815,1.4084,1.00,1.00
2015.08.12 08:23:46.868,1.40814,1.40839,1.00,1.00
2015.08.12 08:23:51.203,1.40814,1.40837,1.00,1.00
2015.08.12 08:23:52.050,1.40814,1.40839,1.00,1.00
2015.08.12 08:23:54.829,1.40815,1.40838,1.00,1.00
2015.08.12 08:23:55.662,1.40817,1.4084,1.00,1.00
2015.08.12 08:23:55.713,1.40815,1.4084,1.00,1.00
2015.08.12 08:23:56.158,1.40818,1.40841,1.00,1.00
2015.08.12 08:23:56.889,1.40816,1.40841,1.00,1.00
2015.08.12 08:23:57.325,1.40812,1.40834,1.50,1.00
2015.08.12 08:23:57.628,1.40818,1.40829,1.00,1.00
2015.08.12 08:23:57.678,1.40818,1.40841,1.00,1.00
2015.08.12 08:23:57.729,1.40817,1.40837,1.00,1.00
2015.08.12 08:23:58.423,1.40819,1.40837,1.00,1.00
2015.08.12 08:23:58.478,1.4082,1.40845,1.00,1.00
2015.08.12 08:23:59.950,1.40821,1.40846,1.00,1.00
2015.08.12 08:24:00.001,1.40819,1.40844,1.00,1.00
2015.08.12 08:24:00.327,1.40824,1.40847,1.50,1.00
2015.08.12 08:24:00.974,1.40824,1.40846,1.00,1.00
2015.08.12 08:24:01.497,1.40824,1.40847,1.00,1.00
2015.08.12 08:24:02.810,1.40823,1.40846,1.00,1.00
2015.08.12 08:24:05.910,1.40824,1.40846,1.00,1.00
2015.08.12 08:24:06.662,1.40824,1.40847,1.00,1.00
2015.08.12 08:24:06.987,1.40828,1.40851,1.00,1.00
2015.08.12 08:24:10.751,1.40828,1.40853,1.00,1.50
2015.08.12 08:24:10.802,1.40831,1.40853,1.00,1.50
2015.08.12 08:24:11.305,1.40828,1.40851,1.00,1.00
2015.08.12 08:24:11.406,1.40817,1.40842,1.50,1.00
2015.08.12 08:24:11.658,1.40815,1.4084,1.50,1.00
2015.08.12 08:24:12.188,1.40805,1.40824,1.00,1.00
2015.08.12 08:24:12.755,1.40806,1.40823,1.00,1.00
2015.08.12 08:24:13.007,1.40806,1.40825,1.00,1.00
2015.08.12 08:24:17.211,1.40806,1.40824,1.00,1.00
2015.08.12 08:24:20.577,1.40806,1.40828,1.00,1.00
2015.08.12 08:24:21.728,1.40806,1.40829,1.00,2.25
2015.08.12 08:24:24.676,1.40809,1.40829,1.00,1.50
2015.08.12 08:24:28.679,1.40806,1.40829,1.50,1.50
2015.08.12 08:24:28.990,1.40806,1.40825,1.50,1.00
2015.08.12 08:24:29.737,1.40806,1.40822,1.50,1.00
2015.08.12 08:24:32.931,1.40806,1.40821,1.00,1.00
2015.08.12 08:24:34.347,1.40806,1.40822,1.00,1.00
2015.08.12 08:24:40.013,1.40806,1.40827,1.00,1.00
2015.08.12 08:24:41.566,1.40808,1.40827,1.00,1.00
2015.08.12 08:24:41.667,1.40808,1.4083,1.00,1.50
2015.08.12 08:24:42.794,1.4081,1.4083,1.00,1.50
2015.08.12 08:24:48.677,1.40813,1.4083,1.00,1.00
2015.08.12 08:24:48.935,1.40816,1.40839,1.00,1.00
2015.08.12 08:24:49.616,1.40807,1.4083,1.00,1.00
2015.08.12 08:24:49.966,1.40809,1.4083,1.00,1.00
2015.08.12 08:24:50.118,1.40814,1.40836,1.00,1.00
2015.08.12 08:24:50.219,1.40815,1.40839,1.00,1.00
2015.08.12 08:24:50.270,1.40819,1.40842,1.00,1.00
2015.08.12 08:24:50.913,1.40812,1.40833,1.00,1.00
2015.08.12 08:24:51.239,1.40809,1.4083,1.00,1.00
2015.08.12 08:24:52.172,1.40808,1.4083,1.00,1.00
2015.08.12 08:24:56.283,1.40811,1.4083,1.00,1.00
2015.08.12 08:24:56.586,1.40819,1.40843,1.00,1.50
2015.08.12 08:24:56.637,1.4082,1.4083,1.00,1.00
2015.08.12 08:24:56.738,1.40813,1.4083,1.00,1.00
2015.08.12 08:24:56.789,1.4081,1.4083,1.00,1.00
2015.08.12 08:24:56.840,1.40816,1.4083,1.00,1.00
2015.08.12 08:24:56.943,1.40816,1.40833,1.00,1.00
2015.08.12 08:24:58.143,1.40807,1.4083,1.00,1.00
2015.08.12 08:24:59.671,1.40806,1.40827,1.00,1.00
2015.08.12 08:25:00.842,1.40806,1.40828,1.00,1.00
2015.08.12 08:25:01.579,1.40805,1.40828,1.00,1.50
2015.08.12 08:25:02.135,1.40805,1.40825,1.00,1.00
2015.08.12 08:25:02.186,1.40798,1.40819,1.00,1.00
2015.08.12 08:25:02.773,1.40799,1.40819,1.00,1.00
2015.08.12 08:25:03.479,1.40799,1.4082,1.00,1.00
2015.08.12 08:25:04.139,1.40799,1.40818,1.00,1.00
2015.08.12 08:25:05.062,1.40799,1.40817,1.00,1.00
2015.08.12 08:25:05.299,1.40797,1.40817,1.50,1.00
2015.08.12 08:25:05.466,1.40797,1.40815,1.50,1.00
2015.08.12 08:25:06.548,1.40797,1.40816,1.50,1.00
2015.08.12 08:25:06.853,1.40797,1.40812,1.00,1.00
2015.08.12 08:25:07.005,1.40797,1.40817,1.00,1.00
2015.08.12 08:25:07.227,1.40797,1.40812,1.00,1.00
2015.08.12 08:25:07.800,1.40797,1.40815,1.00,1.00
2015.08.12 08:25:07.852,1.40797,1.40813,1.00,1.00
2015.08.12 08:25:08.228,1.40797,1.4081,1.00,1.00
2015.08.12 08:25:09.386,1.40797,1.40809,1.00,1.00
2015.08.12 08:25:09.585,1.40793,1.40809,1.00,1.00
2015.08.12 08:25:10.981,1.40793,1.4081,1.00,2.25
2015.08.12 08:25:11.437,1.40793,1.40812,1.00,1.50
2015.08.12 08:25:12.521,1.40793,1.40815,1.50,1.00
2015.08.12 08:25:13.189,1.40793,1.40814,1.00,1.00
2015.08.12 08:25:15.318,1.40793,1.40815,1.00,1.50
2015.08.12 08:25:15.706,1.40793,1.40808,1.00,1.00
2015.08.12 08:25:16.059,1.40793,1.40815,1.00,1.00
2015.08.12 08:25:16.697,1.40793,1.40816,1.50,1.00
2015.08.12 08:25:16.798,1.40794,1.40813,1.00,1.00
2015.08.12 08:25:17.051,1.40793,1.40815,1.00,1.50
2015.08.12 08:25:17.102,1.40795,1.40815,1.00,1.00
2015.08.12 08:25:17.410,1.40793,1.40812,1.00,1.00
2015.08.12 08:25:18.161,1.4079,1.40815,1.00,1.50
2015.08.12 08:25:18.825,1.40789,1.40814,1.00,1.00
2015.08.12 08:25:19.166,1.40792,1.40813,1.00,1.00
2015.08.12 08:25:19.318,1.40788,1.40811,1.00,1.00
2015.08.12 08:25:19.876,1.40784,1.40804,1.00,1.00
2015.08.12 08:25:21.454,1.40784,1.40806,1.00,1.00
2015.08.12 08:25:21.729,1.40782,1.40805,1.00,1.00
2015.08.12 08:25:21.780,1.40782,1.40801,1.00,1.00
2015.08.12 08:25:22.947,1.40782,1.40805,1.00,2.25
2015.08.12 08:25:25.697,1.40782,1.408,1.00,1.00
2015.08.12 08:25:26.327,1.40783,1.408,1.00,1.00
2015.08.12 08:25:26.858,1.40783,1.40801,1.00,1.00
2015.08.12 08:25:31.537,1.40778,1.40801,1.00,1.00
2015.08.12 08:25:32.016,1.40778,1.40799,1.00,1.50
2015.08.12 08:25:32.650,1.40778,1.40796,1.00,1.00
2015.08.12 08:25:32.953,1.4078,1.40796,1.00,1.00
2015.08.12 08:25:33.004,1.4078,1.40801,1.00,1.00
2015.08.12 08:25:33.326,1.4078,1.40798,1.50,1.00
2015.08.12 08:25:35.948,1.4078,1.40799,1.50,1.00
2015.08.12 08:25:37.291,1.40778,1.40797,1.00,1.00
2015.08.12 08:25:37.670,1.40778,1.40795,1.00,1.00
2015.08.12 08:25:37.973,1.40781,1.40798,1.00,1.00
2015.08.12 08:25:38.555,1.40776,1.40795,1.00,1.00
2015.08.12 08:25:38.618,1.40772,1.40794,1.00,1.00
2015.08.12 08:25:38.719,1.40771,1.40788,1.00,1.00
2015.08.12 08:25:39.268,1.40769,1.40788,1.00,1.00
2015.08.12 08:25:39.981,1.40769,1.40789,1.00,1.00
2015.08.12 08:25:40.943,1.40769,1.4079,1.00,1.00
2015.08.12 08:25:41.536,1.4077,1.4079,1.00,1.00
2015.08.12 08:25:41.739,1.4077,1.40788,1.00,1.00
2015.08.12 08:25:42.002,1.40766,1.40786,1.00,1.00
2015.08.12 08:25:43.225,1.40766,1.40784,1.00,1.00
2015.08.12 08:25:43.897,1.40768,1.40784,1.00,1.00
2015.08.12 08:25:44.620,1.40765,1.40783,1.00,1.00
2015.08.12 08:25:45.120,1.40763,1.40783,1.00,1.00
2015.08.12 08:25:45.648,1.4076,1.40782,1.00,1.00
2015.08.12 08:25:46.305,1.40764,1.40784,1.00,1.00
2015.08.12 08:25:46.608,1.40769,1.40787,1.00,1.00
2015.08.12 08:25:46.658,1.40769,1.40793,1.00,1.00
2015.08.12 08:25:46.912,1.40771,1.40793,1.00,1.00
2015.08.12 08:25:47.680,1.40771,1.40794,1.00,1.00
2015.08.12 08:25:48.538,1.4077,1.40795,1.00,1.00
2015.08.12 08:25:49.270,1.40766,1.40788,1.00,1.00
2015.08.12 08:25:49.321,1.40763,1.40788,1.00,1.00
2015.08.12 08:25:50.100,1.40765,1.40788,1.00,1.00
2015.08.12 08:25:51.608,1.40766,1.40791,1.00,1.00
2015.08.12 08:25:51.658,1.4077,1.40793,1.00,1.00
2015.08.12 08:25:52.929,1.40764,1.40789,1.04,1.50
2015.08.12 08:25:53.451,1.40764,1.40789,1.04,1.50
2015.08.12 08:25:54.213,1.40764,1.40787,1.04,1.00
2015.08.12 08:25:58.904,1.40762,1.40785,1.04,1.00
2015.08.12 08:25:59.107,1.40756,1.40777,1.00,1.00
2015.08.12 08:25:59.357,1.40756,1.40775,1.00,1.00
2015.08.12 08:25:59.407,1.40752,1.40775,1.00,1.00
2015.08.12 08:26:00.476,1.40752,1.40777,1.00,1.00
2015.08.12 08:26:05.255,1.40751,1.40774,1.00,1.00
2015.08.12 08:26:05.798,1.4075,1.40773,1.00,1.00
2015.08.12 08:26:07.297,1.4075,1.40775,1.00,1.50
2015.08.12 08:26:07.866,1.40749,1.40772,1.00,1.00
2015.08.12 08:26:09.565,1.40747,1.40772,1.00,1.00
2015.08.12 08:26:09.616,1.40747,1.4077,1.00,1.00
2015.08.12 08:26:10.471,1.40746,1.40769,1.00,1.50
2015.08.12 08:26:10.821,1.40746,1.40767,1.00,1.00
2015.08.12 08:26:11.124,1.40741,1.40764,1.50,1.00
2015.08.12 08:26:11.225,1.40739,1.40762,1.00,1.00
2015.08.12 08:26:11.800,1.40741,1.40762,1.00,1.00
2015.08.12 08:26:11.852,1.40747,1.40769,1.00,1.00
2015.08.12 08:26:15.293,1.40747,1.40768,1.00,1.00
2015.08.12 08:26:15.394,1.40742,1.40767,1.00,1.00
2015.08.12 08:26:16.398,1.40742,1.40765,1.00,1.00
2015.08.12 08:26:20.319,1.40742,1.40763,1.00,1.00
2015.08.12 08:26:20.995,1.40742,1.40758,1.00,1.00
2015.08.12 08:26:21.046,1.40742,1.40767,1.00,1.50
2015.08.12 08:26:22.957,1.40742,1.40764,1.00,1.00
2015.08.12 08:26:23.311,1.40743,1.40766,1.00,1.00
2015.08.12 08:26:24.195,1.40742,1.40762,1.00,1.00
2015.08.12 08:26:24.254,1.40742,1.40765,1.50,1.00
2015.08.12 08:26:24.860,1.40742,1.40764,1.00,1.00
2015.08.12 08:26:26.860,1.40742,1.40762,1.00,1.00
2015.08.12 08:26:27.012,1.40742,1.40764,1.00,1.00
2015.08.12 08:26:27.063,1.40741,1.40761,1.00,1.00
2015.08.12 08:26:27.164,1.40734,1.40757,1.50,1.00
2015.08.12 08:26:27.731,1.40727,1.40752,1.00,1.00
2015.08.12 08:26:35.149,1.40729,1.40754,1.00,1.00
2015.08.12 08:26:36.714,1.40731,1.40754,1.50,1.00
2015.08.12 08:26:38.577,1.40734,1.40755,1.00,1.00
2015.08.12 08:26:38.729,1.40735,1.40758,1.00,1.00
2015.08.12 08:26:39.843,1.40737,1.40761,1.00,1.00
2015.08.12 08:26:44.257,1.40736,1.40761,1.00,1.00
2015.08.12 08:26:44.409,1.40733,1.40756,1.00,1.00
2015.08.12 08:26:46.437,1.4073,1.40749,1.00,1.00
2015.08.12 08:26:46.488,1.40728,1.40749,1.00,1.00
2015.08.12 08:26:55.879,1.40729,1.40749,1.00,1.00
2015.08.12 08:27:05.868,1.40728,1.40749,1.00,1.00
2015.08.12 08:27:06.120,1.40727,1.40745,1.00,1.00
2015.08.12 08:27:06.706,1.40727,1.40748,1.00,1.00
2015.08.12 08:27:06.759,1.40729,1.40748,1.00,1.00
2015.08.12 08:27:08.625,1.40729,1.40749,1.00,1.00
2015.08.12 08:27:11.725,1.40715,1.4074,1.50,1.50
2015.08.12 08:27:12.129,1.40713,1.40736,1.00,1.00
2015.08.12 08:27:12.647,1.40713,1.40735,1.50,1.00
2015.08.12 08:27:13.384,1.40712,1.40735,1.50,1.50
2015.08.12 08:27:13.901,1.40712,1.40734,1.00,1.00
2015.08.12 08:27:15.916,1.40709,1.40734,1.00,1.00
2015.08.12 08:27:15.967,1.40709,1.40723,1.00,1.00
2015.08.12 08:27:16.018,1.40705,1.40723,1.00,1.00
2015.08.12 08:27:16.068,1.40705,1.4072,1.00,1.46
2015.08.12 08:27:16.683,1.4069,1.40709,1.00,1.00
2015.08.12 08:27:16.784,1.40688,1.40709,1.00,1.00
2015.08.12 08:27:16.885,1.40692,1.40715,1.50,1.00
2015.08.12 08:27:16.987,1.40695,1.40718,1.00,1.50
2015.08.12 08:27:17.291,1.40693,1.40709,1.00,1.00
2015.08.12 08:27:17.405,1.40687,1.40709,1.00,1.00
2015.08.12 08:27:17.943,1.40687,1.40708,1.00,1.00
2015.08.12 08:27:18.100,1.407,1.40721,1.00,1.00
2015.08.12 08:27:18.201,1.40707,1.40729,1.00,1.00
2015.08.12 08:27:18.622,1.40704,1.40729,1.50,1.00
2015.08.12 08:27:19.438,1.40704,1.40727,1.00,1.00
2015.08.12 08:27:19.827,1.40711,1.40728,1.00,1.00
2015.08.12 08:27:19.979,1.40711,1.40731,1.00,1.00
2015.08.12 08:27:20.783,1.4071,1.40731,1.00,1.00
2015.08.12 08:27:21.409,1.4071,1.40728,1.00,1.00
2015.08.12 08:27:21.561,1.40708,1.40728,1.00,1.00
2015.08.12 08:27:22.188,1.40703,1.40726,1.00,1.00
2015.08.12 08:27:22.796,1.40704,1.40727,1.00,1.00
2015.08.12 08:27:25.037,1.40702,1.40725,1.00,1.00
2015.08.12 08:27:25.290,1.40668,1.40695,1.00,1.00
2015.08.12 08:27:25.341,1.40668,1.40693,1.00,1.00
2015.08.12 08:27:26.527,1.40667,1.40694,1.00,1.00
2015.08.12 08:27:27.349,1.40669,1.40694,1.00,1.00
2015.08.12 08:27:28.426,1.40671,1.40696,1.00,1.00
2015.08.12 08:27:30.272,1.4067,1.40696,1.00,1.00
2015.08.12 08:27:30.579,1.40667,1.40689,1.00,1.00
2015.08.12 08:27:30.832,1.40659,1.40685,1.00,1.00
2015.08.12 08:27:31.502,1.40664,1.40686,1.00,1.00
2015.08.12 08:27:32.947,1.40664,1.40687,1.00,1.00
2015.08.12 08:27:33.541,1.40665,1.40687,1.00,1.00
2015.08.12 08:27:34.335,1.40667,1.40687,1.00,1.00
2015.08.12 08:27:35.005,1.40667,1.40689,1.00,1.00
2015.08.12 08:27:35.056,1.40663,1.40689,1.50,1.00
2015.08.12 08:27:35.157,1.40667,1.40691,1.00,1.00
2015.08.12 08:27:35.787,1.40669,1.40691,1.00,1.00
2015.08.12 08:27:35.888,1.40671,1.40697,1.00,1.00
2015.08.12 08:27:35.939,1.40674,1.40697,1.00,1.00
2015.08.12 08:27:36.040,1.40675,1.40699,1.00,1.00
2015.08.12 08:27:36.556,1.40674,1.407,1.50,1.00
2015.08.12 08:27:39.069,1.40688,1.40704,1.00,1.00
2015.08.12 08:27:39.221,1.40701,1.40721,1.00,1.00
2015.08.12 08:27:39.322,1.40703,1.40728,1.00,1.00
2015.08.12 08:27:39.675,1.40702,1.40721,1.00,1.00
2015.08.12 08:27:39.877,1.40695,1.40717,1.00,1.00
2015.08.12 08:27:40.500,1.40698,1.40717,1.00,1.00
2015.08.12 08:27:40.835,1.40698,1.40719,1.00,1.00
2015.08.12 08:27:42.138,1.40698,1.40718,1.00,1.00
2015.08.12 08:27:44.260,1.407,1.40725,1.50,1.00
2015.08.12 08:27:44.412,1.40705,1.40726,1.00,1.00
2015.08.12 08:27:44.726,1.40705,1.40724,1.00,1.00
2015.08.12 08:27:45.800,1.40703,1.40724,1.00,1.00
2015.08.12 08:27:47.227,1.40703,1.40723,1.00,1.00
2015.08.12 08:27:47.480,1.407,1.40725,1.50,1.00
2015.08.12 08:27:47.674,1.40703,1.40725,1.00,1.00
2015.08.12 08:27:48.006,1.40717,1.40736,1.00,1.00
2015.08.12 08:27:48.804,1.40722,1.40744,1.00,1.00
2015.08.12 08:27:49.007,1.40725,1.40746,1.00,1.00
2015.08.12 08:27:49.576,1.40725,1.4074,1.00,1.00
2015.08.12 08:27:50.202,1.40715,1.40738,1.00,1.00
2015.08.12 08:27:50.865,1.40714,1.40738,1.00,1.00
2015.08.12 08:27:52.065,1.40721,1.40744,1.00,1.00
2015.08.12 08:27:52.166,1.40721,1.40746,1.00,1.00
2015.08.12 08:27:52.519,1.40724,1.40746,1.00,1.00
2015.08.12 08:27:53.354,1.40726,1.4075,1.19,1.00
2015.08.12 08:27:55.840,1.40726,1.40749,1.19,1.00
2015.08.12 08:27:58.374,1.40736,1.40759,1.00,1.27
2015.08.12 08:27:58.425,1.40741,1.4076,1.00,1.00
2015.08.12 08:27:58.476,1.40744,1.40766,1.00,1.00
2015.08.12 08:27:59.026,1.40744,1.40767,1.50,1.00
2015.08.12 08:27:59.127,1.40747,1.4077,1.00,1.03
2015.08.12 08:27:59.864,1.40751,1.40772,1.00,1.26
2015.08.12 08:28:00.675,1.40748,1.40772,1.00,1.26
2015.08.12 08:28:02.046,1.4075,1.40771,1.00,1.14
2015.08.12 08:28:02.678,1.40749,1.40772,1.00,1.00
2015.08.12 08:28:02.730,1.40752,1.40772,1.00,1.00
2015.08.12 08:28:03.296,1.40751,1.40772,1.00,1.00
2015.08.12 08:28:04.131,1.40752,1.40772,1.00,1.00
2015.08.12 08:28:04.232,1.40755,1.40778,1.00,1.00
2015.08.12 08:28:04.395,1.40757,1.40778,1.00,1.00
2015.08.12 08:28:05.607,1.40759,1.40779,1.00,1.00
2015.08.12 08:28:05.708,1.40762,1.40787,1.00,1.00
2015.08.12 08:28:05.809,1.40764,1.40787,1.00,1.00
2015.08.12 08:28:06.157,1.40767,1.40787,1.00,1.00
2015.08.12 08:28:07.035,1.40767,1.40786,1.00,1.00
2015.08.12 08:28:07.136,1.40769,1.40792,1.00,1.00
2015.08.12 08:28:07.710,1.40768,1.40793,1.00,1.00
2015.08.12 08:28:08.894,1.40769,1.40794,1.00,1.00
2015.08.12 08:28:08.995,1.40771,1.40796,1.00,1.00
2015.08.12 08:28:09.851,1.40771,1.40794,1.00,1.00
2015.08.12 08:28:09.901,1.40769,1.40794,1.50,1.00
2015.08.12 08:28:10.424,1.40771,1.40796,1.00,1.00
2015.08.12 08:28:12.000,1.40774,1.40797,1.00,1.00
2015.08.12 08:28:12.454,1.40771,1.40796,1.00,1.00
2015.08.12 08:28:12.555,1.40771,1.40793,1.00,1.00
2015.08.12 08:28:13.178,1.40769,1.40788,1.00,1.00
2015.08.12 08:28:13.229,1.40763,1.40788,1.00,1.00
2015.08.12 08:28:13.744,1.40764,1.40787,1.00,1.00
2015.08.12 08:28:14.700,1.40767,1.4079,1.50,1.00
2015.08.12 08:28:14.751,1.40769,1.40794,1.00,1.00
2015.08.12 08:28:15.595,1.40768,1.40793,1.00,1.00
2015.08.12 08:28:17.025,1.40767,1.40791,1.50,1.00
2015.08.12 08:28:17.721,1.40767,1.4079,1.00,1.00
2015.08.12 08:28:18.387,1.40768,1.40793,1.00,1.00
2015.08.12 08:28:23.751,1.40769,1.40792,1.00,1.00
2015.08.12 08:28:25.722,1.40769,1.4079,1.00,1.00
2015.08.12 08:28:25.772,1.40767,1.4079,1.00,1.00
2015.08.12 08:28:26.958,1.40768,1.4079,1.00,1.00
2015.08.12 08:28:27.059,1.40768,1.40792,1.00,1.00
2015.08.12 08:28:27.580,1.40769,1.40792,1.00,1.00
2015.08.12 08:28:27.631,1.40774,1.40795,1.00,1.00
2015.08.12 08:28:28.143,1.40777,1.40799,1.50,1.00
2015.08.12 08:28:29.835,1.40778,1.40799,1.00,1.00
2015.08.12 08:28:30.398,1.40779,1.40799,1.00,1.00
2015.08.12 08:28:31.190,1.40781,1.40799,1.00,1.00
2015.08.12 08:28:31.371,1.40779,1.40799,1.00,1.00
2015.08.12 08:28:34.144,1.4078,1.40802,1.00,1.50
2015.08.12 08:28:34.296,1.4078,1.40805,1.00,1.00
2015.08.12 08:28:34.347,1.4078,1.408,1.00,1.00
2015.08.12 08:28:35.343,1.40779,1.408,1.50,1.00
2015.08.12 08:28:35.646,1.40725,1.40746,1.50,1.00
2015.08.12 08:28:35.798,1.40716,1.40738,1.00,1.00
2015.08.12 08:28:36.054,1.40712,1.40738,1.00,1.00
2015.08.12 08:28:36.105,1.40709,1.40735,1.50,1.00
2015.08.12 08:28:36.620,1.40711,1.40733,1.00,1.00
2015.08.12 08:28:38.599,1.40711,1.40734,1.00,1.00
2015.08.12 08:28:39.057,1.40713,1.40739,1.00,1.00
2015.08.12 08:28:39.260,1.40722,1.40746,1.00,1.00
2015.08.12 08:28:39.889,1.40711,1.40737,1.00,1.00
2015.08.12 08:28:42.897,1.40721,1.40743,1.00,1.00
2015.08.12 08:28:43.206,1.40727,1.40749,1.00,1.00
2015.08.12 08:28:44.128,1.40738,1.4076,1.00,1.00
2015.08.12 08:28:44.178,1.40738,1.40762,1.00,1.00
2015.08.12 08:28:45.657,1.40736,1.40762,1.00,1.00
2015.08.12 08:28:47.224,1.40736,1.4076,1.00,1.00
2015.08.12 08:28:47.610,1.40733,1.40757,1.00,1.00
2015.08.12 08:28:47.924,1.40729,1.40753,1.00,1.00
2015.08.12 08:28:50.377,1.40733,1.40757,1.00,1.00
2015.08.12 08:28:50.478,1.40734,1.4076,1.00,1.00
2015.08.12 08:28:53.278,1.40743,1.40769,1.00,1.22
2015.08.12 08:28:53.778,1.40745,1.40769,1.00,1.22
2015.08.12 08:28:54.091,1.40759,1.40783,1.00,1.00
2015.08.12 08:28:54.632,1.4076,1.40785,1.00,1.00
2015.08.12 08:28:55.177,1.4076,1.40786,1.00,1.00
2015.08.12 08:28:56.206,1.40764,1.40788,1.00,1.00
2015.08.12 08:28:56.308,1.40765,1.40791,1.00,1.00
2015.08.12 08:28:56.830,1.40765,1.4079,1.00,1.00
2015.08.12 08:28:57.784,1.40765,1.40791,1.00,1.00
2015.08.12 08:28:57.835,1.40762,1.40788,1.00,1.00
2015.08.12 08:28:58.371,1.40763,1.40787,1.00,1.00
2015.08.12 08:28:59.164,1.40759,1.40783,1.00,1.50
2015.08.12 08:28:59.420,1.40755,1.40781,1.00,1.00
2015.08.12 08:28:59.948,1.40755,1.4078,1.00,1.00
2015.08.12 08:29:00.589,1.40756,1.40779,1.00,1.00
2015.08.12 08:29:01.024,1.40756,1.40781,1.00,1.00
2015.08.12 08:29:03.532,1.40756,1.40779,1.00,1.00
2015.08.12 08:29:04.339,1.40757,1.4078,1.00,1.00
2015.08.12 08:29:05.530,1.40758,1.40783,1.00,1.00
2015.08.12 08:29:06.119,1.40758,1.40781,1.00,1.00
2015.08.12 08:29:08.613,1.40757,1.4078,1.00,1.00
2015.08.12 08:29:09.671,1.40757,1.40782,1.00,1.00
2015.08.12 08:29:10.518,1.40756,1.40781,1.00,1.00
2015.08.12 08:29:10.621,1.40751,1.40776,1.00,1.00
2015.08.12 08:29:11.259,1.40751,1.40774,1.00,1.00
2015.08.12 08:29:11.804,1.4075,1.40775,1.00,1.00
2015.08.12 08:29:12.728,1.4075,1.40773,1.00,1.00
2015.08.12 08:29:12.930,1.40751,1.40776,1.00,1.00
2015.08.12 08:29:13.356,1.40753,1.40776,1.00,1.00
2015.08.12 08:29:13.457,1.40753,1.40778,1.00,1.00
2015.08.12 08:29:14.366,1.40754,1.40777,1.00,1.00
2015.08.12 08:29:14.467,1.40752,1.40775,1.00,1.00
2015.08.12 08:29:17.780,1.40754,1.40777,1.00,1.00
2015.08.12 08:29:19.623,1.40756,1.40779,1.00,1.00
2015.08.12 08:29:26.893,1.40755,1.4078,1.00,1.00
2015.08.12 08:29:31.387,1.40752,1.40796,1.00,1.03
2015.08.12 08:29:33.103,1.40753,1.40797,1.00,1.00
2015.08.12 08:29:33.155,1.40755,1.40799,1.00,1.50
2015.08.12 08:29:33.709,1.40755,1.40795,1.00,1.00
2015.08.12 08:29:35.300,1.40764,1.40795,2.25,1.00
2015.08.12 08:29:35.937,1.4077,1.40796,1.00,1.00
2015.08.12 08:29:35.988,1.4077,1.40798,1.00,1.00
2015.08.12 08:29:36.657,1.4077,1.40799,1.00,1.00
2015.08.12 08:29:37.536,1.4077,1.40797,1.00,1.00
2015.08.12 08:29:38.113,1.40773,1.40797,1.00,1.00
2015.08.12 08:29:40.908,1.40764,1.40795,1.72,1.00
2015.08.12 08:29:40.961,1.40764,1.40797,1.72,1.00
2015.08.12 08:29:41.198,1.40767,1.40797,1.00,1.00
2015.08.12 08:29:42.973,1.40765,1.40797,1.50,1.00
2015.08.12 08:29:43.380,1.40766,1.408,1.00,1.00
2015.08.12 08:29:43.481,1.40766,1.40804,1.50,1.00
2015.08.12 08:29:43.532,1.40766,1.40798,1.50,1.00
2015.08.12 08:29:44.234,1.40766,1.40797,1.00,1.00
2015.08.12 08:29:50.091,1.40765,1.40797,1.00,1.00
2015.08.12 08:29:50.631,1.40764,1.40796,1.00,1.00
2015.08.12 08:29:51.402,1.40764,1.40798,1.00,1.50
2015.08.12 08:29:56.027,1.40768,1.40798,1.00,1.00
2015.08.12 08:30:01.023,1.40768,1.40799,1.00,1.00
2015.08.12 08:30:01.881,1.40768,1.408,1.00,1.00
2015.08.12 08:30:02.712,1.4077,1.408,1.00,1.50
2015.08.12 08:30:03.624,1.40778,1.408,1.00,1.00
2015.08.12 08:30:03.675,1.40782,1.4081,1.00,1.72
2015.08.12 08:30:03.726,1.40782,1.4081,1.00,1.50
2015.08.12 08:30:04.602,1.408,1.40847,1.00,1.50
2015.08.12 08:30:04.867,1.408,1.40852,1.00,1.87
2015.08.12 08:30:05.694,1.40796,1.40855,1.00,1.00
2015.08.12 08:30:05.746,1.40792,1.4086,1.00,1.00
2015.08.12 08:30:05.898,1.40793,1.40871,1.00,1.00
2015.08.12 08:30:05.999,1.40793,1.40871,1.37,1.00
2015.08.12 08:30:06.050,1.40792,1.40879,1.37,1.00
2015.08.12 08:30:07.032,1.40795,1.40874,1.00,1.00
2015.08.12 08:30:07.360,1.40825,1.40874,1.00,1.00
2015.08.12 08:30:07.664,1.40827,1.40875,1.00,1.00
2015.08.12 08:30:07.715,1.40809,1.40873,1.00,1.00
2015.08.12 08:30:08.344,1.40808,1.40872,1.00,1.00
2015.08.12 08:30:08.548,1.40801,1.40872,1.37,1.00
2015.08.12 08:30:08.599,1.40801,1.40864,1.37,1.00
2015.08.12 08:30:08.701,1.408,1.40864,1.00,1.00
2015.08.12 08:30:09.479,1.40801,1.40864,1.00,1.00
2015.08.12 08:30:09.530,1.40802,1.40862,1.00,1.00
2015.08.12 08:30:09.890,1.40802,1.40858,1.00,1.00
2015.08.12 08:30:13.368,1.40803,1.40852,1.00,1.00
2015.08.12 08:30:14.714,1.40799,1.40849,1.00,1.00
2015.08.12 08:30:17.910,1.40801,1.40858,1.00,1.00
2015.08.12 08:30:18.011,1.40807,1.40861,1.00,1.00
2015.08.12 08:30:19.156,1.40802,1.40861,1.00,1.00
2015.08.12 08:30:19.391,1.40815,1.40861,1.00,1.00
2015.08.12 08:30:19.708,1.40807,1.40856,1.00,1.00
2015.08.12 08:30:19.759,1.40806,1.40853,1.00,1.00
2015.08.12 08:30:20.253,1.40806,1.40856,1.00,1.00
2015.08.12 08:30:20.305,1.40797,1.40862,1.37,1.00
2015.08.12 08:30:21.532,1.40795,1.40861,1.00,1.00
2015.08.12 08:30:23.187,1.40778,1.40861,1.37,1.00
2015.08.12 08:30:23.797,1.40778,1.40831,1.00,1.00
2015.08.12 08:30:23.848,1.4077,1.40831,1.00,1.00
2015.08.12 08:30:27.217,1.4077,1.40829,1.00,1.00
2015.08.12 08:30:27.927,1.4077,1.40825,1.00,1.00
2015.08.12 08:30:28.395,1.40771,1.40819,1.00,1.00
2015.08.12 08:30:29.128,1.40771,1.4083,1.00,1.50
2015.08.12 08:30:29.229,1.40769,1.40829,1.00,1.00
2015.08.12 08:30:30.934,1.4078,1.40833,1.00,1.50
2015.08.12 08:30:32.157,1.40797,1.40823,1.00,1.00
2015.08.12 08:30:33.885,1.40796,1.40822,1.00,1.00
2015.08.12 08:30:34.588,1.40819,1.40831,1.00,1.34
2015.08.12 08:30:34.639,1.40807,1.40833,1.00,1.00
2015.08.12 08:30:34.790,1.40798,1.40822,1.00,1.00
2015.08.12 08:30:34.896,1.40807,1.40833,1.00,1.00
2015.08.12 08:30:34.998,1.40814,1.40838,1.00,1.00
2015.08.12 08:30:35.796,1.40815,1.40839,1.00,1.00
2015.08.12 08:30:36.116,1.40812,1.40836,1.00,1.00
2015.08.12 08:30:36.218,1.4081,1.40836,1.00,1.00
2015.08.12 08:30:37.140,1.40811,1.40835,1.00,1.00
2015.08.12 08:30:37.300,1.40808,1.40834,1.00,1.00
2015.08.12 08:30:38.274,1.40807,1.40833,1.00,1.00
2015.08.12 08:30:38.720,1.40804,1.40828,1.00,1.00
2015.08.12 08:30:39.470,1.40801,1.40827,1.00,1.00
2015.08.12 08:30:40.002,1.40804,1.4083,1.00,1.00
2015.08.12 08:30:41.148,1.40806,1.40829,1.00,1.00
2015.08.12 08:30:42.343,1.40808,1.40833,1.00,1.00
2015.08.12 08:30:42.495,1.40813,1.40838,1.00,1.00
2015.08.12 08:30:43.036,1.40814,1.40839,1.00,1.00
2015.08.12 08:30:43.619,1.40816,1.40839,1.00,1.00
2015.08.12 08:30:44.424,1.40813,1.40836,1.00,1.00
2015.08.12 08:30:45.780,1.40811,1.40834,1.00,1.00
2015.08.12 08:30:46.295,1.40809,1.40834,1.00,1.00
2015.08.12 08:30:52.676,1.4081,1.40833,1.00,1.00
2015.08.12 08:30:58.285,1.40808,1.40833,1.00,1.00
2015.08.12 08:31:03.912,1.40809,1.40832,1.00,1.00
2015.08.12 08:31:07.720,1.40811,1.40834,1.00,1.00
2015.08.12 08:31:09.138,1.40809,1.40832,1.00,1.00
2015.08.12 08:31:13.858,1.40808,1.40831,1.00,1.00
2015.08.12 08:31:15.381,1.40809,1.40832,1.00,1.00
2015.08.12 08:31:17.095,1.40808,1.40834,1.00,1.00
2015.08.12 08:31:17.556,1.40808,1.40832,1.00,1.00
2015.08.12 08:31:25.789,1.40812,1.40836,1.00,1.00
2015.08.12 08:31:26.299,1.40813,1.40837,1.00,1.00
2015.08.12 08:31:33.297,1.40814,1.40837,1.00,1.00
2015.08.12 08:31:33.398,1.40819,1.40845,1.00,1.00
2015.08.12 08:31:34.590,1.40818,1.40844,1.00,1.00
2015.08.12 08:31:35.149,1.40819,1.40845,1.00,1.00
2015.08.12 08:31:36.124,1.40819,1.40844,1.00,1.00
2015.08.12 08:31:37.293,1.40825,1.4085,1.00,1.00
2015.08.12 08:31:37.639,1.40823,1.40848,1.00,1.00
2015.08.12 08:31:37.942,1.40823,1.40846,1.00,1.00
2015.08.12 08:31:38.581,1.40818,1.40843,1.00,1.00
2015.08.12 08:31:38.875,1.40818,1.40841,1.00,1.00
2015.08.12 08:31:40.084,1.40817,1.40842,1.00,1.00
2015.08.12 08:31:41.837,1.40817,1.4084,1.00,1.00
2015.08.12 08:31:48.946,1.40816,1.40841,1.00,1.00
2015.08.12 08:31:52.887,1.40815,1.4084,1.00,1.00
2015.08.12 08:31:58.216,1.40826,1.40843,1.00,1.00
2015.08.12 08:31:58.368,1.40818,1.40843,1.00,1.50
2015.08.12 08:31:58.469,1.40817,1.4084,1.00,1.00
2015.08.12 08:32:01.575,1.40813,1.40836,1.00,1.00
2015.08.12 08:32:01.676,1.40809,1.40834,1.00,1.00
2015.08.12 08:32:02.223,1.40808,1.40831,1.00,1.00
2015.08.12 08:32:04.503,1.40812,1.40837,1.00,1.00
2015.08.12 08:32:04.604,1.40815,1.40837,1.00,1.00
2015.08.12 08:32:05.159,1.40825,1.40848,1.00,1.26
2015.08.12 08:32:05.676,1.40824,1.40849,1.00,1.72
2015.08.12 08:32:06.581,1.40827,1.40849,1.00,1.22
2015.08.12 08:32:06.733,1.40829,1.40853,1.00,1.00
2015.08.12 08:32:06.834,1.40831,1.40854,1.00,1.00
2015.08.12 08:32:09.930,1.40823,1.40846,1.00,1.00
2015.08.12 08:32:09.981,1.40821,1.40846,1.00,1.00
2015.08.12 08:32:10.553,1.40821,1.40844,1.00,1.00
2015.08.12 08:32:15.349,1.40841,1.40852,1.00,1.00
2015.08.12 08:32:15.400,1.4084,1.40856,1.00,1.03
2015.08.12 08:32:15.754,1.4084,1.4086,1.50,1.00
2015.08.12 08:32:15.956,1.40841,1.40866,1.50,1.00
2015.08.12 08:32:16.630,1.40842,1.40867,1.00,1.00
2015.08.12 08:32:17.075,1.40841,1.4086,1.00,1.00
2015.08.12 08:32:17.176,1.40843,1.40868,1.00,1.00
2015.08.12 08:32:17.379,1.40845,1.40868,1.00,1.00
2015.08.12 08:32:18.406,1.40841,1.4086,1.00,1.00
2015.08.12 08:32:18.709,1.40844,1.40869,1.00,1.00
2015.08.12 08:32:19.335,1.40836,1.40859,1.00,1.00
2015.08.12 08:32:19.872,1.40835,1.4086,1.00,1.00
2015.08.12 08:32:21.136,1.40829,1.40854,1.30,1.00
2015.08.12 08:32:21.640,1.4083,1.40855,1.00,1.00
2015.08.12 08:32:22.352,1.40828,1.40853,1.22,1.00
2015.08.12 08:32:22.453,1.40825,1.4085,1.00,1.00
2015.08.12 08:32:22.554,1.40821,1.40846,1.00,1.00
2015.08.12 08:32:22.859,1.40819,1.40844,1.00,1.00
2015.08.12 08:32:24.963,1.40821,1.40844,1.00,1.00
2015.08.12 08:32:25.957,1.40838,1.40845,1.00,1.00
2015.08.12 08:32:26.008,1.40846,1.40869,1.00,1.00
2015.08.12 08:32:26.110,1.4085,1.40875,1.00,1.00
2015.08.12 08:32:26.211,1.40854,1.40877,1.00,1.00
2015.08.12 08:32:27.213,1.40848,1.40863,1.00,1.00
2015.08.12 08:32:27.263,1.40842,1.40863,1.00,1.00
2015.08.12 08:32:27.788,1.40841,1.40863,1.00,1.00
2015.08.12 08:32:29.344,1.4084,1.40863,1.00,1.00
2015.08.12 08:32:29.445,1.40841,1.40866,1.00,1.00
2015.08.12 08:32:32.523,1.40841,1.4086,1.00,1.00
2015.08.12 08:32:33.137,1.40841,1.40854,1.00,1.00
2015.08.12 08:32:33.188,1.40817,1.40842,1.00,1.00
2015.08.12 08:32:33.362,1.40817,1.4084,1.00,1.00
2015.08.12 08:32:33.679,1.40812,1.40837,1.00,1.00
2015.08.12 08:32:34.448,1.40813,1.40838,1.00,1.00
2015.08.12 08:32:34.650,1.40815,1.40838,1.00,1.00
2015.08.12 08:32:35.944,1.40818,1.40843,1.00,1.00
2015.08.12 08:32:36.086,1.40817,1.4084,1.00,1.00
2015.08.12 08:32:36.389,1.4082,1.40845,1.00,1.00
2015.08.12 08:32:36.440,1.40823,1.40848,1.00,1.00
2015.08.12 08:32:36.642,1.40811,1.4086,1.00,1.00
2015.08.12 08:32:37.961,1.40812,1.40857,1.00,1.00
2015.08.12 08:32:38.294,1.40819,1.40842,1.00,1.00
2015.08.12 08:32:39.196,1.40818,1.40841,1.00,1.00
2015.08.12 08:32:39.552,1.40824,1.40847,1.00,1.00
2015.08.12 08:32:39.858,1.40824,1.40849,1.00,1.00
2015.08.12 08:32:40.715,1.40826,1.40851,1.00,1.00
2015.08.12 08:32:41.055,1.40831,1.40855,1.00,1.00
2015.08.12 08:32:42.025,1.40831,1.40856,1.00,1.00
2015.08.12 08:32:42.588,1.40837,1.40858,1.00,1.00
2015.08.12 08:32:42.896,1.40847,1.40871,1.00,1.00
2015.08.12 08:32:43.400,1.40849,1.40872,1.00,1.00
2015.08.12 08:32:43.707,1.40847,1.4087,1.00,1.00
2015.08.12 08:32:44.069,1.40844,1.40867,1.00,1.00
2015.08.12 08:32:44.728,1.40845,1.4087,1.00,1.00
2015.08.12 08:32:46.304,1.40856,1.40879,1.00,1.00
2015.08.12 08:32:47.524,1.40857,1.4088,1.00,1.50
2015.08.12 08:32:48.106,1.40855,1.4088,1.00,1.00
2015.08.12 08:32:49.904,1.40855,1.40876,1.00,1.00
2015.08.12 08:32:52.287,1.40854,1.40876,1.00,1.00
2015.08.12 08:32:53.164,1.40854,1.40875,1.00,1.00
2015.08.12 08:32:53.715,1.40853,1.40876,1.00,1.50
2015.08.12 08:32:54.413,1.40862,1.40887,1.00,1.50
2015.08.12 08:32:54.464,1.4086,1.40885,1.00,1.00
2015.08.12 08:32:54.767,1.40863,1.40883,1.00,1.00
2015.08.12 08:32:54.918,1.40861,1.40883,1.00,1.00
2015.08.12 08:32:54.969,1.40861,1.40886,1.00,1.00
2015.08.12 08:32:55.020,1.40861,1.40884,1.00,1.00
2015.08.12 08:32:56.129,1.40858,1.40883,1.00,1.00
2015.08.12 08:32:57.002,1.40858,1.40881,1.00,1.00
2015.08.12 08:32:57.305,1.40858,1.40876,1.00,1.00
2015.08.12 08:32:58.372,1.40858,1.40878,1.00,1.00
2015.08.12 08:32:59.541,1.40858,1.40873,1.00,1.00
2015.08.12 08:33:00.362,1.40858,1.40871,1.00,1.00
2015.08.12 08:33:00.413,1.40851,1.40871,1.00,1.00
2015.08.12 08:33:00.463,1.40851,1.4086,1.00,1.00
2015.08.12 08:33:01.007,1.40847,1.4086,1.00,1.00
2015.08.12 08:33:02.385,1.40851,1.40865,1.00,1.00
2015.08.12 08:33:02.486,1.40851,1.40868,1.00,1.00
2015.08.12 08:33:02.687,1.40851,1.4086,1.00,1.00
2015.08.12 08:33:02.738,1.40842,1.4086,1.00,1.00
2015.08.12 08:33:02.839,1.40848,1.4086,1.00,1.00
2015.08.12 08:33:02.890,1.40848,1.40869,1.00,1.00
2015.08.12 08:33:02.941,1.40852,1.40864,1.00,1.00
2015.08.12 08:33:03.443,1.40851,1.40865,1.00,1.00
