2016.08.16 07:00:00.080,1.33989,1.34008,1.00,1.00
2016.08.16 07:00:00.131,1.33989,1.34008,1.00,1.00
2016.08.16 07:00:01.086,1.33989,1.34007,1.00,1.00
2016.08.16 07:00:01.623,1.33988,1.34007,1.00,1.00
2016.08.16 07:00:03.490,1.33988,1.34006,1.00,1.00
2016.08.16 07:00:03.550,1.33988,1.34006,1.00,1.00
2016.08.16 07:00:05.928,1.33988,1.34004,1.00,1.00
2016.08.16 07:00:06.029,1.33981,1.34001,2.25,1.00
2016.08.16 07:00:06.080,1.33981,1.34001,1.50,1.00
2016.08.16 07:00:06.131,1.33981,1.33997,1.00,1.00
2016.08.16 07:00:06.233,1.33984,1.34,1.00,1.00
2016.08.16 07:00:06.334,1.33983,1.34001,1.00,1.00
2016.08.16 07:00:06.937,1.33984,1.34001,1.00,1.00
2016.08.16 07:00:08.853,1.33984,1.34001,1.10,1.00
2016.08.16 07:00:10.875,1.33986,1.34006,1.00,1.00
2016.08.16 07:00:14.939,1.33986,1.34004,1.00,1.00
2016.08.16 07:00:15.286,1.33985,1.34005,1.00,1.10
2016.08.16 07:00:15.336,1.33985,1.34005,1.00,1.00
2016.08.16 07:00:15.507,1.33985,1.34005,1.00,1.12
2016.08.16 07:00:15.609,1.33985,1.34005,1.00,1.00
2016.08.16 07:00:16.246,1.33987,1.34005,1.00,1.00
2016.08.16 07:00:20.820,1.33984,1.34007,1.12,2.25
2016.08.16 07:00:20.871,1.33984,1.34004,1.12,1.00
2016.08.16 07:00:20.922,1.33982,1.34,1.12,1.00
2016.08.16 07:00:20.972,1.33982,1.34,1.87,1.00
2016.08.16 07:00:21.270,1.33986,1.34,1.00,1.00
2016.08.16 07:00:21.351,1.33987,1.34007,1.00,3.07
2016.08.16 07:00:22.248,1.33987,1.34007,1.00,2.32
2016.08.16 07:00:23.196,1.33987,1.34007,1.00,2.32
2016.08.16 07:00:34.060,1.33987,1.34007,1.00,1.57
2016.08.16 07:00:37.660,1.33987,1.34007,1.00,2.32
2016.08.16 07:00:38.160,1.33987,1.34007,1.00,2.32
2016.08.16 07:00:38.211,1.33984,1.34004,1.12,1.00
2016.08.16 07:00:38.261,1.3398,1.34001,3.00,1.00
2016.08.16 07:00:38.312,1.33981,1.34001,1.00,1.50
2016.08.16 07:00:38.363,1.33981,1.34001,1.50,1.50
2016.08.16 07:00:38.413,1.33982,1.34001,1.00,1.50
2016.08.16 07:00:38.464,1.33982,1.34001,1.00,1.00
2016.08.16 07:00:38.772,1.33984,1.34001,1.00,1.00
2016.08.16 07:00:38.873,1.33984,1.34004,1.50,1.00
2016.08.16 07:00:40.315,1.33984,1.34004,1.57,1.00
2016.08.16 07:00:41.049,1.33984,1.34,1.10,1.00
2016.08.16 07:00:41.181,1.33984,1.34,1.00,1.00
2016.08.16 07:00:42.143,1.33982,1.34,2.25,1.00
2016.08.16 07:00:42.193,1.33982,1.34,1.50,1.00
2016.08.16 07:00:42.244,1.33982,1.34,1.00,1.00
2016.08.16 07:00:42.522,1.33982,1.34,1.00,1.50
2016.08.16 07:00:42.574,1.33974,1.33991,1.10,1.00
2016.08.16 07:00:42.625,1.33972,1.33991,1.00,1.10
2016.08.16 07:00:42.727,1.33971,1.33991,1.50,1.10
2016.08.16 07:00:42.778,1.33971,1.33989,1.00,1.00
2016.08.16 07:00:42.981,1.3397,1.33989,1.00,1.00
2016.08.16 07:00:43.430,1.33969,1.33989,1.50,1.00
2016.08.16 07:00:43.531,1.33969,1.33989,1.00,1.00
2016.08.16 07:00:43.734,1.33969,1.33989,1.50,1.00
2016.08.16 07:00:43.887,1.33971,1.33989,1.00,1.00
2016.08.16 07:00:44.173,1.33972,1.3399,1.00,1.00
2016.08.16 07:00:44.224,1.33975,1.33993,2.25,1.00
2016.08.16 07:00:44.558,1.33977,1.33993,1.00,1.00
2016.08.16 07:00:44.676,1.33978,1.33993,1.00,1.00
2016.08.16 07:00:44.878,1.3398,1.33998,1.00,1.10
2016.08.16 07:00:45.158,1.33981,1.33999,1.00,1.12
2016.08.16 07:00:45.210,1.33981,1.33999,1.00,1.00
2016.08.16 07:00:45.311,1.3398,1.34,1.00,1.10
2016.08.16 07:00:45.679,1.3398,1.34,1.00,1.00
2016.08.16 07:00:46.862,1.33982,1.34,1.00,1.00
2016.08.16 07:00:46.913,1.33982,1.34,1.00,1.00
2016.08.16 07:00:48.530,1.33982,1.34,1.00,1.50
2016.08.16 07:00:48.580,1.33982,1.33999,1.00,1.00
2016.08.16 07:00:48.631,1.33979,1.33999,1.50,1.50
2016.08.16 07:00:48.682,1.33979,1.33999,1.10,1.50
2016.08.16 07:00:48.946,1.33979,1.33998,1.00,1.50
2016.08.16 07:00:49.862,1.33979,1.33997,1.00,1.00
2016.08.16 07:00:52.174,1.33975,1.33993,1.00,1.00
2016.08.16 07:00:56.869,1.33976,1.33993,1.00,1.00
2016.08.16 07:00:57.429,1.33976,1.33993,1.00,1.00
2016.08.16 07:00:57.480,1.33975,1.33993,1.00,1.00
2016.08.16 07:00:57.532,1.33978,1.33996,1.00,1.10
2016.08.16 07:00:57.583,1.33978,1.33996,1.00,1.00
2016.08.16 07:00:57.634,1.33979,1.33999,1.00,1.10
2016.08.16 07:00:57.925,1.3398,1.34,1.00,1.00
2016.08.16 07:01:05.119,1.33979,1.34,1.00,1.00
2016.08.16 07:01:05.170,1.33978,1.33998,1.50,1.00
2016.08.16 07:01:05.243,1.33981,1.33998,1.00,1.00
2016.08.16 07:01:05.396,1.33981,1.33998,1.00,1.10
2016.08.16 07:01:05.695,1.33979,1.33997,1.00,1.00
2016.08.16 07:01:06.715,1.33979,1.33997,1.00,1.00
2016.08.16 07:01:06.868,1.33976,1.33995,1.10,1.00
2016.08.16 07:01:06.919,1.33976,1.33995,1.00,1.00
2016.08.16 07:01:07.349,1.33976,1.33995,1.50,1.00
2016.08.16 07:01:08.022,1.33976,1.33995,1.00,1.00
2016.08.16 07:01:09.109,1.33976,1.33995,1.00,1.00
2016.08.16 07:01:09.430,1.33976,1.33992,1.00,1.00
2016.08.16 07:01:11.855,1.33976,1.33992,1.00,1.50
2016.08.16 07:01:11.906,1.33974,1.33992,1.00,2.25
2016.08.16 07:01:12.186,1.33977,1.33994,1.00,1.50
2016.08.16 07:01:12.241,1.33977,1.33994,1.00,1.00
2016.08.16 07:01:12.295,1.33977,1.33994,1.00,1.00
2016.08.16 07:01:12.426,1.33977,1.33994,1.00,1.00
2016.08.16 07:01:12.528,1.33977,1.33994,1.00,1.00
2016.08.16 07:01:13.933,1.33977,1.33992,1.00,1.00
2016.08.16 07:01:25.235,1.33977,1.33995,1.00,1.00
2016.08.16 07:01:29.767,1.33977,1.33995,1.00,1.50
2016.08.16 07:01:30.958,1.33975,1.33988,1.00,1.00
2016.08.16 07:01:31.033,1.33971,1.33988,1.00,1.00
2016.08.16 07:01:31.548,1.33971,1.33988,1.00,1.10
2016.08.16 07:01:33.193,1.33971,1.33989,1.00,1.87
2016.08.16 07:01:33.269,1.33971,1.33989,1.00,1.87
2016.08.16 07:01:33.320,1.3397,1.33987,1.00,1.00
2016.08.16 07:01:33.371,1.3397,1.33987,1.00,1.00
2016.08.16 07:01:33.422,1.3397,1.33987,1.00,1.12
2016.08.16 07:01:34.881,1.3397,1.33987,1.00,1.00
2016.08.16 07:01:34.932,1.33972,1.33987,1.00,1.00
2016.08.16 07:01:34.983,1.33969,1.33987,1.50,1.00
2016.08.16 07:01:35.033,1.33972,1.3399,1.00,1.12
2016.08.16 07:01:35.084,1.33972,1.3399,1.10,1.00
2016.08.16 07:01:35.135,1.33976,1.33993,1.00,1.00
2016.08.16 07:01:35.186,1.33976,1.33995,1.00,1.00
2016.08.16 07:01:37.067,1.33979,1.33997,1.00,1.00
2016.08.16 07:01:37.988,1.33979,1.33997,1.00,1.00
2016.08.16 07:01:38.039,1.33977,1.33995,1.50,1.00
2016.08.16 07:01:38.090,1.33977,1.33995,1.50,1.00
2016.08.16 07:01:38.258,1.33977,1.33995,1.50,1.00
2016.08.16 07:01:40.142,1.33977,1.33995,1.50,1.00
2016.08.16 07:01:43.063,1.33977,1.33995,1.00,1.00
2016.08.16 07:01:43.165,1.33977,1.33992,1.00,1.50
2016.08.16 07:01:43.216,1.33977,1.33991,1.00,1.00
2016.08.16 07:01:43.267,1.33974,1.33991,1.00,1.00
2016.08.16 07:01:43.318,1.33977,1.33993,1.00,1.10
2016.08.16 07:01:43.369,1.33977,1.33994,1.00,1.00
2016.08.16 07:01:43.419,1.33977,1.33995,1.00,1.00
2016.08.16 07:01:43.471,1.33977,1.33995,1.00,1.00
2016.08.16 07:01:45.399,1.33979,1.33998,1.00,1.12
2016.08.16 07:01:45.450,1.33979,1.33998,1.00,1.10
2016.08.16 07:01:45.526,1.33979,1.33999,1.00,1.12
2016.08.16 07:01:45.577,1.33979,1.33999,1.00,1.10
2016.08.16 07:01:45.858,1.33979,1.33999,1.50,1.10
2016.08.16 07:01:45.917,1.33979,1.33999,1.50,1.10
2016.08.16 07:01:46.491,1.3398,1.33997,1.50,1.00
2016.08.16 07:01:46.542,1.33982,1.33997,1.00,1.00
2016.08.16 07:01:46.643,1.33982,1.34,1.50,1.12
2016.08.16 07:01:46.694,1.33982,1.34,1.50,1.00
2016.08.16 07:01:47.509,1.33982,1.34,1.50,1.50
2016.08.16 07:01:48.568,1.33982,1.34,1.50,1.00
2016.08.16 07:01:51.084,1.33982,1.34,1.00,1.00
2016.08.16 07:01:51.186,1.33982,1.34,1.00,1.50
2016.08.16 07:01:51.237,1.33982,1.33997,1.00,1.00
2016.08.16 07:01:51.287,1.33978,1.33997,1.10,1.00
2016.08.16 07:01:51.534,1.33978,1.33997,1.00,1.00
2016.08.16 07:01:51.585,1.33978,1.33998,1.00,1.50
2016.08.16 07:01:52.382,1.33978,1.33998,1.00,1.50
2016.08.16 07:01:54.523,1.33978,1.33998,1.00,2.25
2016.08.16 07:01:54.931,1.33978,1.33993,1.00,1.00
2016.08.16 07:01:55.235,1.33977,1.33991,1.00,1.00
2016.08.16 07:01:55.286,1.33977,1.33993,1.00,1.00
2016.08.16 07:01:56.318,1.33977,1.33997,1.50,3.37
2016.08.16 07:01:56.369,1.33977,1.33997,1.50,2.62
2016.08.16 07:01:56.482,1.33977,1.33997,1.50,2.32
2016.08.16 07:01:56.934,1.33977,1.33997,1.50,1.57
2016.08.16 07:01:58.413,1.3398,1.33997,1.00,1.10
2016.08.16 07:01:58.464,1.3398,1.33998,1.00,1.10
2016.08.16 07:01:58.515,1.33981,1.33999,1.50,1.12
2016.08.16 07:01:58.566,1.33981,1.33999,1.50,1.00
2016.08.16 07:01:58.833,1.33981,1.33999,2.32,1.00
2016.08.16 07:01:58.890,1.33983,1.34001,1.50,1.00
2016.08.16 07:01:58.992,1.33984,1.34004,1.00,1.00
2016.08.16 07:01:59.685,1.33984,1.34004,1.00,1.00
2016.08.16 07:01:59.837,1.33986,1.34006,1.50,1.10
2016.08.16 07:01:59.938,1.33992,1.34008,1.00,1.50
2016.08.16 07:01:59.989,1.33994,1.34008,1.00,1.00
2016.08.16 07:02:00.040,1.33995,1.34011,1.00,1.37
2016.08.16 07:02:00.091,1.33995,1.34014,1.00,1.00
2016.08.16 07:02:00.142,1.33996,1.34015,1.50,1.10
2016.08.16 07:02:00.194,1.33996,1.34015,1.50,1.00
2016.08.16 07:02:00.563,1.33997,1.34015,1.00,1.00
2016.08.16 07:02:01.560,1.33998,1.34016,1.10,1.00
2016.08.16 07:02:02.725,1.33998,1.34015,1.10,1.00
2016.08.16 07:02:03.228,1.33995,1.34013,1.10,1.00
2016.08.16 07:02:04.261,1.33995,1.34013,1.00,1.00
2016.08.16 07:02:04.966,1.33994,1.34009,1.00,1.00
2016.08.16 07:02:05.021,1.33991,1.34007,1.00,1.00
2016.08.16 07:02:06.252,1.33989,1.34006,1.00,1.00
2016.08.16 07:02:06.701,1.33989,1.34007,1.00,1.50
2016.08.16 07:02:06.954,1.33989,1.34007,1.00,1.00
2016.08.16 07:02:07.004,1.33992,1.34007,1.00,1.00
2016.08.16 07:02:07.055,1.33992,1.34012,1.00,1.75
2016.08.16 07:02:07.106,1.33994,1.34012,1.00,1.75
2016.08.16 07:02:07.491,1.33992,1.34012,1.50,1.00
2016.08.16 07:02:09.163,1.33991,1.34013,1.10,1.00
2016.08.16 07:02:09.214,1.33991,1.34011,1.00,1.00
2016.08.16 07:02:09.265,1.33994,1.34004,1.00,1.00
2016.08.16 07:02:09.316,1.33994,1.34004,1.00,1.00
2016.08.16 07:02:09.616,1.33991,1.34007,1.00,1.00
2016.08.16 07:02:09.667,1.33991,1.34009,1.50,1.00
2016.08.16 07:02:09.769,1.33991,1.34009,1.50,1.00
2016.08.16 07:02:09.870,1.33993,1.34013,1.00,1.00
2016.08.16 07:02:10.429,1.33997,1.34017,1.50,1.75
2016.08.16 07:02:10.480,1.34,1.34017,1.00,1.00
2016.08.16 07:02:11.230,1.34001,1.34019,1.00,1.00
2016.08.16 07:02:11.331,1.34001,1.34019,1.00,1.00
2016.08.16 07:02:11.382,1.34001,1.34019,1.00,1.50
2016.08.16 07:02:11.483,1.34002,1.34017,1.00,1.00
2016.08.16 07:02:11.585,1.34002,1.34019,1.00,1.00
2016.08.16 07:02:12.591,1.34003,1.34019,1.00,1.00
2016.08.16 07:02:13.754,1.34004,1.34022,1.00,1.00
2016.08.16 07:02:13.805,1.34004,1.34022,1.00,1.00
2016.08.16 07:02:14.836,1.34004,1.34022,1.00,1.00
2016.08.16 07:02:15.091,1.34004,1.34022,1.50,1.00
2016.08.16 07:02:15.142,1.34004,1.34022,1.00,1.00
2016.08.16 07:02:15.192,1.34004,1.34019,1.00,1.12
2016.08.16 07:02:15.766,1.34004,1.34022,1.00,1.10
2016.08.16 07:02:15.834,1.34004,1.34022,1.00,1.00
2016.08.16 07:02:16.806,1.34004,1.34022,1.50,1.00
2016.08.16 07:02:16.908,1.34006,1.34022,1.00,1.00
2016.08.16 07:02:18.175,1.34006,1.3402,1.00,1.00
2016.08.16 07:02:18.225,1.34004,1.3402,1.00,1.00
2016.08.16 07:02:18.276,1.34002,1.34018,1.00,1.00
2016.08.16 07:02:18.479,1.34,1.34018,1.00,1.00
2016.08.16 07:02:18.581,1.34,1.34018,1.00,1.00
2016.08.16 07:02:20.252,1.34001,1.34017,1.00,1.00
2016.08.16 07:02:20.643,1.34001,1.34019,1.00,1.00
2016.08.16 07:02:21.410,1.34001,1.34019,1.00,1.00
2016.08.16 07:02:21.460,1.34001,1.3402,1.00,1.57
2016.08.16 07:02:21.511,1.34001,1.34016,1.00,1.00
2016.08.16 07:02:21.612,1.34001,1.34019,1.00,1.57
2016.08.16 07:02:24.364,1.34001,1.34017,1.00,1.00
2016.08.16 07:02:24.466,1.34001,1.34018,1.00,1.00
2016.08.16 07:02:24.517,1.33994,1.34018,1.87,2.25
2016.08.16 07:02:24.568,1.33993,1.34014,1.50,1.00
2016.08.16 07:02:24.619,1.33993,1.34013,1.50,1.00
2016.08.16 07:02:24.670,1.33993,1.34011,1.00,1.00
2016.08.16 07:02:24.974,1.33989,1.34007,1.00,1.00
2016.08.16 07:02:26.259,1.33989,1.34007,1.00,1.00
2016.08.16 07:02:26.361,1.33989,1.34007,1.50,1.00
2016.08.16 07:02:26.726,1.33989,1.34007,1.87,1.00
2016.08.16 07:02:27.022,1.33997,1.34007,1.31,1.00
2016.08.16 07:02:27.078,1.33997,1.34013,1.31,1.00
2016.08.16 07:02:27.128,1.33993,1.34013,1.50,1.00
2016.08.16 07:02:27.179,1.33996,1.34013,1.00,1.00
2016.08.16 07:02:27.230,1.33996,1.34011,1.00,1.00
2016.08.16 07:02:27.281,1.33996,1.34013,1.00,1.50
2016.08.16 07:02:27.382,1.33995,1.34011,1.36,1.00
2016.08.16 07:02:27.433,1.33995,1.34011,1.23,1.00
2016.08.16 07:02:27.483,1.33995,1.34011,1.00,1.00
2016.08.16 07:02:27.534,1.33991,1.34011,1.57,1.00
2016.08.16 07:02:27.585,1.33997,1.34011,1.00,1.00
2016.08.16 07:02:27.636,1.33994,1.34011,1.12,1.00
2016.08.16 07:02:27.978,1.33996,1.3401,1.00,1.00
2016.08.16 07:02:28.029,1.33995,1.3401,1.00,1.00
2016.08.16 07:02:28.130,1.33995,1.3401,1.00,1.00
2016.08.16 07:02:28.181,1.3399,1.3401,1.50,1.00
2016.08.16 07:02:28.232,1.3399,1.3401,1.00,1.00
2016.08.16 07:02:28.282,1.3399,1.3401,1.00,1.50
2016.08.16 07:02:28.601,1.3399,1.3401,1.00,1.57
2016.08.16 07:02:29.081,1.3399,1.34009,1.50,1.00
2016.08.16 07:02:29.132,1.33993,1.34009,1.00,1.10
2016.08.16 07:02:29.183,1.33993,1.34009,1.50,1.10
2016.08.16 07:02:29.234,1.33993,1.34009,1.50,1.00
2016.08.16 07:02:29.777,1.33994,1.34009,1.00,1.00
2016.08.16 07:02:30.439,1.33989,1.34009,1.57,1.00
2016.08.16 07:02:30.857,1.3399,1.34009,1.00,1.00
2016.08.16 07:02:31.440,1.3399,1.34009,1.00,1.10
2016.08.16 07:02:32.057,1.33991,1.34009,1.00,1.10
2016.08.16 07:02:32.453,1.33991,1.34009,1.00,1.10
2016.08.16 07:02:32.555,1.33991,1.34009,1.00,1.10
2016.08.16 07:02:33.596,1.33991,1.34009,1.00,1.57
2016.08.16 07:02:33.698,1.33991,1.34009,1.00,1.57
2016.08.16 07:02:33.749,1.33989,1.34009,1.00,2.32
2016.08.16 07:02:33.800,1.33988,1.34006,1.00,1.00
2016.08.16 07:02:43.033,1.33988,1.34006,1.00,1.00
2016.08.16 07:02:44.138,1.33988,1.34006,1.00,1.00
2016.08.16 07:02:44.351,1.33988,1.34006,1.00,1.00
2016.08.16 07:02:47.095,1.33988,1.34006,1.00,1.50
2016.08.16 07:02:47.476,1.33988,1.34006,1.00,1.50
2016.08.16 07:02:48.823,1.33985,1.34005,1.57,1.00
2016.08.16 07:02:48.927,1.33985,1.34005,1.50,1.50
2016.08.16 07:02:49.174,1.33985,1.34005,1.50,1.00
2016.08.16 07:02:52.376,1.33985,1.34005,1.50,1.00
2016.08.16 07:02:52.427,1.33993,1.34009,1.00,1.00
2016.08.16 07:02:52.528,1.33993,1.34013,1.50,1.12
2016.08.16 07:02:52.579,1.33993,1.34013,1.50,1.00
2016.08.16 07:02:52.630,1.33993,1.34013,1.50,1.00
2016.08.16 07:02:52.681,1.33993,1.34013,2.25,1.00
2016.08.16 07:02:52.732,1.33996,1.34014,1.00,1.00
2016.08.16 07:02:53.335,1.33996,1.34014,1.10,1.00
2016.08.16 07:02:53.572,1.33996,1.34014,1.10,1.00
2016.08.16 07:02:53.674,1.33997,1.34014,1.00,1.00
2016.08.16 07:02:53.725,1.33998,1.34016,1.00,1.10
2016.08.16 07:02:53.775,1.33998,1.34016,1.00,1.00
2016.08.16 07:02:54.215,1.33998,1.34016,1.00,1.00
2016.08.16 07:02:54.762,1.33999,1.34016,1.00,1.00
2016.08.16 07:02:56.121,1.33998,1.34016,1.00,1.00
2016.08.16 07:02:56.816,1.33998,1.34016,1.50,1.00
2016.08.16 07:02:57.720,1.33998,1.34016,1.00,1.00
2016.08.16 07:02:58.354,1.33998,1.34016,1.50,1.00
2016.08.16 07:02:59.154,1.33998,1.34016,1.00,1.00
2016.08.16 07:02:59.205,1.33998,1.34016,1.50,1.00
2016.08.16 07:03:00.566,1.33998,1.34016,1.57,1.00
2016.08.16 07:03:01.289,1.33998,1.34016,1.57,1.00
2016.08.16 07:03:01.531,1.33998,1.34016,1.57,1.00
2016.08.16 07:03:01.582,1.33999,1.34017,1.00,1.00
2016.08.16 07:03:02.899,1.33999,1.34017,1.00,1.00
2016.08.16 07:03:03.364,1.33996,1.34016,1.50,1.00
2016.08.16 07:03:03.415,1.33996,1.34016,1.00,1.00
2016.08.16 07:03:03.568,1.33995,1.34012,1.00,1.00
2016.08.16 07:03:04.155,1.33994,1.34012,1.57,1.00
2016.08.16 07:03:04.548,1.33994,1.34012,1.50,1.00
2016.08.16 07:03:04.599,1.33994,1.34012,1.00,1.00
2016.08.16 07:03:04.897,1.33994,1.34012,1.00,1.00
2016.08.16 07:03:05.049,1.33992,1.34012,1.57,1.00
2016.08.16 07:03:05.100,1.33992,1.34012,1.50,1.00
2016.08.16 07:03:05.150,1.33992,1.34012,1.00,1.00
2016.08.16 07:03:06.647,1.33992,1.34012,1.00,1.00
2016.08.16 07:03:06.697,1.33992,1.34012,1.00,1.00
2016.08.16 07:03:06.748,1.3399,1.3401,1.10,1.00
2016.08.16 07:03:07.108,1.3399,1.3401,1.50,1.00
2016.08.16 07:03:07.210,1.3399,1.3401,1.50,1.00
2016.08.16 07:03:08.131,1.3399,1.3401,1.00,1.00
2016.08.16 07:03:09.093,1.33991,1.3401,1.00,1.00
2016.08.16 07:03:10.335,1.3399,1.3401,1.00,1.00
2016.08.16 07:03:10.877,1.33991,1.3401,1.00,1.00
2016.08.16 07:03:12.588,1.33993,1.34011,1.00,1.00
2016.08.16 07:03:16.238,1.33996,1.34014,1.00,1.00
2016.08.16 07:03:16.569,1.33994,1.34014,1.00,1.00
2016.08.16 07:03:16.670,1.33994,1.34014,1.12,1.00
2016.08.16 07:03:16.772,1.33994,1.34014,1.00,1.00
2016.08.16 07:03:17.201,1.33994,1.34014,1.10,1.00
2016.08.16 07:03:17.882,1.33997,1.34017,1.00,1.00
2016.08.16 07:03:19.025,1.33995,1.34013,1.00,1.00
2016.08.16 07:03:19.076,1.33995,1.34013,1.00,1.00
2016.08.16 07:03:24.768,1.33992,1.34012,1.12,1.00
2016.08.16 07:03:25.245,1.33992,1.34012,1.12,1.00
2016.08.16 07:03:25.846,1.33992,1.34012,1.12,1.00
2016.08.16 07:03:26.449,1.33992,1.34012,1.10,1.00
2016.08.16 07:03:27.298,1.3399,1.3401,1.10,1.00
2016.08.16 07:03:28.064,1.3399,1.3401,1.00,1.00
2016.08.16 07:03:32.637,1.3399,1.3401,1.12,1.00
2016.08.16 07:03:33.205,1.3399,1.3401,1.12,1.00
2016.08.16 07:03:33.508,1.3399,1.3401,1.12,1.00
2016.08.16 07:03:37.474,1.3399,1.34007,1.12,1.00
2016.08.16 07:03:37.525,1.33986,1.34005,2.25,1.00
2016.08.16 07:03:37.576,1.33986,1.34005,1.57,1.12
2016.08.16 07:03:38.110,1.33989,1.34005,1.00,1.00
2016.08.16 07:03:38.162,1.33989,1.34007,1.50,1.00
2016.08.16 07:03:38.213,1.33989,1.34007,1.87,1.00
2016.08.16 07:03:38.314,1.33989,1.34007,1.87,1.00
2016.08.16 07:03:38.820,1.33991,1.34009,1.00,1.00
2016.08.16 07:03:40.713,1.33991,1.34009,1.00,1.00
2016.08.16 07:03:41.844,1.33991,1.34009,1.00,1.00
2016.08.16 07:03:42.949,1.33991,1.34009,1.00,1.00
2016.08.16 07:03:44.250,1.33991,1.34011,1.00,1.00
2016.08.16 07:03:44.940,1.33987,1.34007,1.57,1.00
2016.08.16 07:03:44.991,1.33987,1.34007,1.10,1.00
2016.08.16 07:03:46.106,1.33987,1.34007,1.00,1.00
2016.08.16 07:03:48.827,1.33987,1.34004,1.00,1.00
2016.08.16 07:03:48.878,1.33984,1.34004,1.50,1.50
2016.08.16 07:03:48.929,1.33984,1.34002,1.50,1.00
2016.08.16 07:03:48.980,1.33984,1.34002,1.00,1.50
2016.08.16 07:03:49.031,1.33982,1.34001,1.10,1.00
2016.08.16 07:03:49.082,1.3398,1.34,2.25,1.00
2016.08.16 07:03:49.352,1.3398,1.34,1.12,1.00
2016.08.16 07:03:49.454,1.33984,1.34,1.00,1.00
2016.08.16 07:03:49.504,1.33981,1.34,1.10,1.00
2016.08.16 07:03:49.555,1.33983,1.34001,1.00,1.00
2016.08.16 07:03:49.815,1.33983,1.34001,1.50,1.00
2016.08.16 07:03:50.069,1.33983,1.34001,1.57,1.00
2016.08.16 07:03:50.599,1.33983,1.34001,1.57,1.00
2016.08.16 07:03:51.999,1.33983,1.34003,1.57,1.00
2016.08.16 07:03:56.646,1.33983,1.34003,1.57,1.00
2016.08.16 07:03:56.816,1.33983,1.34003,1.50,1.10
2016.08.16 07:03:57.156,1.33983,1.34,1.00,1.00
2016.08.16 07:03:57.666,1.33982,1.34,1.00,1.00
2016.08.16 07:03:58.064,1.33982,1.34,1.00,1.00
2016.08.16 07:03:58.701,1.33982,1.34,1.00,1.00
2016.08.16 07:03:59.296,1.3398,1.34,1.00,1.00
2016.08.16 07:03:59.814,1.3398,1.34,1.00,1.00
2016.08.16 07:03:59.994,1.33981,1.34,1.00,1.00
2016.08.16 07:04:03.082,1.33981,1.34,1.00,1.10
2016.08.16 07:04:03.788,1.33981,1.34,1.00,1.10
2016.08.16 07:04:07.234,1.33981,1.34,1.00,1.57
2016.08.16 07:04:08.181,1.33981,1.33998,1.00,1.00
2016.08.16 07:04:08.434,1.33981,1.33998,1.00,1.50
2016.08.16 07:04:08.802,1.33981,1.33998,1.00,1.00
2016.08.16 07:04:11.707,1.33981,1.34,1.00,1.12
2016.08.16 07:04:11.758,1.33981,1.34,1.00,1.00
2016.08.16 07:04:12.244,1.33981,1.34,1.00,1.00
2016.08.16 07:04:13.388,1.33981,1.34,1.00,1.00
2016.08.16 07:04:13.787,1.3398,1.34,1.00,2.25
2016.08.16 07:04:13.838,1.33978,1.33996,1.00,1.00
2016.08.16 07:04:14.443,1.33974,1.33993,1.50,1.00
2016.08.16 07:04:14.494,1.33973,1.33993,1.87,1.00
2016.08.16 07:04:14.545,1.33973,1.33993,1.87,1.10
2016.08.16 07:04:15.689,1.33973,1.33993,1.00,1.10
2016.08.16 07:04:15.841,1.33973,1.33993,1.50,1.10
2016.08.16 07:04:15.892,1.33973,1.33993,1.50,1.10
2016.08.16 07:04:15.943,1.33976,1.33996,1.00,1.12
2016.08.16 07:04:16.044,1.33976,1.33996,1.50,1.12
2016.08.16 07:04:16.333,1.33977,1.33996,1.00,1.10
2016.08.16 07:04:16.487,1.33977,1.33996,1.00,1.00
2016.08.16 07:04:16.642,1.33978,1.33996,1.00,1.00
2016.08.16 07:04:18.120,1.33978,1.33998,1.00,1.12
2016.08.16 07:04:18.171,1.33978,1.33998,1.00,1.00
2016.08.16 07:04:18.907,1.33978,1.33998,1.00,1.00
2016.08.16 07:04:19.160,1.33978,1.33998,1.00,1.50
2016.08.16 07:04:19.459,1.33978,1.33998,1.87,1.00
2016.08.16 07:04:19.515,1.33981,1.33999,1.00,1.00
2016.08.16 07:04:19.717,1.33981,1.33999,1.00,1.00
2016.08.16 07:04:20.180,1.33981,1.33999,1.00,1.00
2016.08.16 07:04:27.163,1.33978,1.33998,1.10,1.00
2016.08.16 07:04:27.214,1.33978,1.33998,1.10,1.00
2016.08.16 07:04:27.265,1.33978,1.33998,1.00,1.50
2016.08.16 07:04:27.315,1.33978,1.33998,1.50,1.50
2016.08.16 07:04:27.366,1.33978,1.33998,1.50,1.00
2016.08.16 07:04:29.127,1.33978,1.33998,1.00,1.00
2016.08.16 07:04:29.228,1.33978,1.33998,1.50,1.00
2016.08.16 07:04:30.568,1.33978,1.33998,1.50,1.00
2016.08.16 07:04:30.802,1.33978,1.33998,1.57,1.00
2016.08.16 07:04:31.687,1.33979,1.33999,1.00,1.00
2016.08.16 07:04:36.185,1.33979,1.33999,1.00,1.50
2016.08.16 07:04:36.252,1.33979,1.33999,1.00,1.50
2016.08.16 07:04:36.739,1.33979,1.33999,1.00,1.57
2016.08.16 07:04:38.432,1.33979,1.33999,1.00,1.57
2016.08.16 07:04:38.482,1.33981,1.33999,1.00,1.10
2016.08.16 07:04:38.533,1.33982,1.33999,1.00,1.10
2016.08.16 07:04:38.584,1.33983,1.34001,1.00,1.00
2016.08.16 07:04:38.686,1.3398,1.34,1.50,1.00
2016.08.16 07:04:38.787,1.3398,1.34,1.00,1.00
2016.08.16 07:04:49.928,1.33982,1.34,1.00,1.00
2016.08.16 07:04:49.979,1.33982,1.34,2.25,1.00
2016.08.16 07:04:50.030,1.33984,1.34002,1.50,1.12
2016.08.16 07:04:50.080,1.33984,1.34002,1.50,1.12
2016.08.16 07:04:50.131,1.33985,1.34005,1.00,1.75
2016.08.16 07:04:50.182,1.33987,1.34005,1.00,1.00
2016.08.16 07:04:50.688,1.33986,1.34005,1.00,1.00
2016.08.16 07:04:51.009,1.33989,1.34007,1.00,1.57
2016.08.16 07:04:51.111,1.33989,1.34007,1.00,1.57
2016.08.16 07:04:51.376,1.33989,1.34007,1.00,1.50
2016.08.16 07:04:54.380,1.33989,1.34007,1.00,1.00
2016.08.16 07:04:54.431,1.33991,1.34009,1.00,1.10
2016.08.16 07:04:54.481,1.33992,1.34009,1.00,1.10
2016.08.16 07:04:54.532,1.33995,1.34015,1.00,1.75
2016.08.16 07:04:54.583,1.33995,1.34015,1.00,1.00
2016.08.16 07:04:54.735,1.33995,1.34015,1.50,1.00
2016.08.16 07:04:54.837,1.33995,1.34015,1.00,1.00
2016.08.16 07:04:54.888,1.33995,1.34015,1.50,1.00
2016.08.16 07:04:55.152,1.33995,1.34015,1.50,1.00
2016.08.16 07:04:55.748,1.33997,1.34015,1.10,1.00
2016.08.16 07:04:55.800,1.33998,1.34015,1.00,1.00
2016.08.16 07:04:55.850,1.33998,1.34017,1.00,1.00
2016.08.16 07:04:55.902,1.33998,1.34017,1.00,1.00
2016.08.16 07:04:56.521,1.34,1.3402,1.00,1.10
2016.08.16 07:04:56.673,1.34002,1.3402,1.00,1.00
2016.08.16 07:04:57.508,1.34002,1.3402,1.00,1.00
2016.08.16 07:04:58.208,1.34002,1.3402,1.00,1.00
2016.08.16 07:04:58.508,1.34,1.3402,1.00,1.00
2016.08.16 07:05:03.952,1.34007,1.3402,1.00,1.10
2016.08.16 07:05:04.003,1.34007,1.34025,1.00,1.00
2016.08.16 07:05:04.225,1.34006,1.34025,1.50,1.00
2016.08.16 07:05:04.276,1.34009,1.34029,1.00,3.00
2016.08.16 07:05:04.327,1.34009,1.34029,1.00,1.50
2016.08.16 07:05:04.428,1.34009,1.34028,1.00,1.00
2016.08.16 07:05:04.974,1.34009,1.34027,1.00,1.00
2016.08.16 07:05:05.291,1.34009,1.34027,1.00,1.00
2016.08.16 07:05:06.151,1.34009,1.34028,1.00,1.00
2016.08.16 07:05:07.420,1.34009,1.34029,1.00,1.57
2016.08.16 07:05:11.835,1.34009,1.34027,1.00,1.00
2016.08.16 07:05:13.536,1.34009,1.34029,1.00,1.57
2016.08.16 07:05:13.840,1.34009,1.34029,1.00,1.10
2016.08.16 07:05:14.213,1.34009,1.34029,1.00,1.57
2016.08.16 07:05:14.899,1.34009,1.34027,1.00,1.00
2016.08.16 07:05:19.028,1.3401,1.34027,1.00,1.00
2016.08.16 07:05:22.327,1.34011,1.34029,1.50,1.00
2016.08.16 07:05:25.489,1.34003,1.34018,1.50,1.50
2016.08.16 07:05:25.540,1.34003,1.34016,1.00,1.00
2016.08.16 07:05:25.641,1.33998,1.34016,1.10,1.00
2016.08.16 07:05:25.692,1.33998,1.34016,1.00,1.00
2016.08.16 07:05:26.038,1.33996,1.34016,1.00,2.25
2016.08.16 07:05:26.564,1.33996,1.34016,1.00,1.50
2016.08.16 07:05:27.584,1.33996,1.34016,1.00,2.25
2016.08.16 07:05:28.633,1.33996,1.34016,1.50,2.25
2016.08.16 07:05:28.854,1.33997,1.34016,1.00,2.25
2016.08.16 07:05:37.274,1.33997,1.34016,1.00,1.50
2016.08.16 07:05:40.660,1.33997,1.34016,1.00,2.25
2016.08.16 07:05:43.382,1.33997,1.34016,1.00,1.50
2016.08.16 07:05:43.636,1.33997,1.34016,1.00,1.50
2016.08.16 07:05:44.025,1.33999,1.34016,1.00,1.00
2016.08.16 07:05:44.076,1.34,1.34017,1.00,1.00
2016.08.16 07:05:44.180,1.34002,1.34022,1.50,1.00
2016.08.16 07:05:44.282,1.34001,1.3402,1.75,1.00
2016.08.16 07:05:44.384,1.34,1.3402,1.00,1.50
2016.08.16 07:05:44.435,1.34002,1.34019,1.00,1.00
2016.08.16 07:05:44.536,1.34002,1.3402,1.75,1.00
2016.08.16 07:05:45.143,1.34,1.34017,1.00,1.00
2016.08.16 07:05:45.196,1.33997,1.34017,1.12,1.00
2016.08.16 07:05:46.098,1.33997,1.34017,1.10,1.00
2016.08.16 07:05:46.351,1.33999,1.34017,1.00,1.00
2016.08.16 07:05:46.402,1.33999,1.34017,1.50,1.00
2016.08.16 07:05:46.965,1.34,1.34017,1.00,1.00
2016.08.16 07:05:47.571,1.34002,1.34017,1.00,1.00
2016.08.16 07:05:51.272,1.34,1.34019,1.00,1.10
2016.08.16 07:05:51.323,1.34,1.34019,1.00,1.00
2016.08.16 07:05:51.373,1.34001,1.34019,1.00,1.00
2016.08.16 07:05:51.424,1.34001,1.34019,1.00,1.00
2016.08.16 07:05:51.475,1.34001,1.34019,1.00,1.50
2016.08.16 07:05:51.526,1.34001,1.34019,1.00,1.50
2016.08.16 07:05:51.799,1.34001,1.34019,1.00,1.50
2016.08.16 07:05:51.850,1.33999,1.34018,1.00,1.00
2016.08.16 07:05:51.901,1.33999,1.34018,1.00,1.00
2016.08.16 07:05:52.425,1.34001,1.34018,1.00,1.00
2016.08.16 07:05:52.664,1.33999,1.34018,1.00,1.00
2016.08.16 07:05:54.303,1.33999,1.34018,1.00,1.00
2016.08.16 07:05:54.354,1.33999,1.34019,1.50,1.10
2016.08.16 07:05:54.405,1.33999,1.34019,3.07,1.00
2016.08.16 07:05:54.456,1.34002,1.34019,1.00,1.00
2016.08.16 07:05:54.506,1.34004,1.34021,1.00,1.00
2016.08.16 07:05:54.557,1.34004,1.34021,1.00,1.00
2016.08.16 07:05:54.608,1.34004,1.34022,1.00,1.00
2016.08.16 07:05:54.659,1.34002,1.34022,1.50,1.00
2016.08.16 07:05:54.710,1.34003,1.34021,1.00,1.00
2016.08.16 07:05:54.761,1.34004,1.34021,1.00,1.00
2016.08.16 07:05:54.811,1.34006,1.34022,1.00,1.00
2016.08.16 07:05:54.862,1.34006,1.34022,1.10,1.00
2016.08.16 07:05:54.913,1.34007,1.34024,1.50,1.00
2016.08.16 07:05:54.964,1.34007,1.34024,1.57,1.00
2016.08.16 07:05:55.015,1.34008,1.34028,1.00,1.00
2016.08.16 07:05:55.505,1.34008,1.3403,1.00,1.12
2016.08.16 07:05:55.683,1.34007,1.34029,2.32,1.10
2016.08.16 07:05:55.734,1.34007,1.34029,2.32,1.10
2016.08.16 07:05:55.785,1.34007,1.3403,1.57,1.12
2016.08.16 07:05:56.289,1.34008,1.3403,1.00,1.12
2016.08.16 07:05:57.046,1.34008,1.34027,1.00,1.00
2016.08.16 07:05:58.786,1.34007,1.34027,3.07,1.00
2016.08.16 07:05:59.097,1.34008,1.34027,1.00,1.00
2016.08.16 07:05:59.199,1.34007,1.34027,3.07,1.00
2016.08.16 07:05:59.650,1.34007,1.34026,2.32,1.00
2016.08.16 07:05:59.753,1.34009,1.34026,1.00,1.00
2016.08.16 07:05:59.908,1.3401,1.34027,1.00,1.00
2016.08.16 07:06:00.009,1.34011,1.34029,1.00,1.00
2016.08.16 07:06:00.074,1.34011,1.34029,1.50,1.00
2016.08.16 07:06:00.124,1.34011,1.34029,2.25,1.00
2016.08.16 07:06:00.399,1.34011,1.34029,3.00,1.00
2016.08.16 07:06:00.961,1.34012,1.34029,1.00,1.00
2016.08.16 07:06:01.012,1.34011,1.34029,2.25,1.00
2016.08.16 07:06:01.192,1.34011,1.34029,1.50,1.00
2016.08.16 07:06:03.704,1.34011,1.34029,2.25,1.00
2016.08.16 07:06:05.074,1.34012,1.34029,1.00,1.00
2016.08.16 07:06:06.679,1.34012,1.34029,1.50,1.00
2016.08.16 07:06:06.780,1.34015,1.34029,1.00,1.00
2016.08.16 07:06:08.273,1.34015,1.34029,1.00,1.00
2016.08.16 07:06:08.338,1.34016,1.34031,1.00,1.00
2016.08.16 07:06:08.440,1.34017,1.34036,1.00,1.12
2016.08.16 07:06:08.491,1.34017,1.34036,1.00,1.00
2016.08.16 07:06:08.542,1.34019,1.34037,1.00,1.00
2016.08.16 07:06:09.169,1.34019,1.34037,1.00,1.00
2016.08.16 07:06:09.222,1.34019,1.34039,1.00,1.10
2016.08.16 07:06:09.324,1.34021,1.34038,1.00,1.00
2016.08.16 07:06:09.375,1.34021,1.34038,1.50,1.00
2016.08.16 07:06:09.426,1.34025,1.34043,1.00,2.25
2016.08.16 07:06:09.478,1.34025,1.34043,1.00,1.50
2016.08.16 07:06:09.529,1.34025,1.34043,1.50,1.00
2016.08.16 07:06:09.682,1.34025,1.34043,1.57,1.00
2016.08.16 07:06:09.987,1.34029,1.34049,1.50,1.10
2016.08.16 07:06:10.545,1.3403,1.34049,1.00,1.10
2016.08.16 07:06:10.815,1.3403,1.34049,1.00,1.00
2016.08.16 07:06:14.783,1.3403,1.34048,1.00,1.00
2016.08.16 07:06:16.111,1.34032,1.34049,1.00,1.00
2016.08.16 07:06:16.263,1.34034,1.34052,1.00,1.10
2016.08.16 07:06:16.314,1.34034,1.34052,1.00,1.00
2016.08.16 07:06:16.844,1.34033,1.34051,1.50,1.00
2016.08.16 07:06:17.854,1.34036,1.34051,1.00,1.00
2016.08.16 07:06:18.669,1.34036,1.34051,1.00,1.00
2016.08.16 07:06:20.327,1.34036,1.34054,1.50,1.00
2016.08.16 07:06:20.869,1.34036,1.34054,1.00,1.00
2016.08.16 07:06:21.146,1.34035,1.34048,1.00,1.00
2016.08.16 07:06:21.216,1.3403,1.34046,1.00,1.00
2016.08.16 07:06:21.317,1.34027,1.34044,1.00,1.00
2016.08.16 07:06:21.368,1.34025,1.34041,1.00,1.00
2016.08.16 07:06:21.520,1.34023,1.34041,1.00,1.00
2016.08.16 07:06:23.039,1.34021,1.3404,1.12,1.00
2016.08.16 07:06:23.242,1.34021,1.3404,1.10,1.00
2016.08.16 07:06:25.332,1.34022,1.3404,1.00,1.00
2016.08.16 07:06:27.147,1.34026,1.34041,1.00,1.00
2016.08.16 07:06:27.197,1.3403,1.34047,1.00,1.00
2016.08.16 07:06:27.400,1.3403,1.3405,1.50,1.10
2016.08.16 07:06:32.392,1.34031,1.3405,1.00,1.10
2016.08.16 07:06:33.467,1.34031,1.3405,1.00,1.00
2016.08.16 07:06:35.535,1.3403,1.34048,1.00,1.00
2016.08.16 07:06:35.820,1.3403,1.34042,1.00,1.00
2016.08.16 07:06:35.875,1.34023,1.34041,1.00,1.00
2016.08.16 07:06:35.926,1.34021,1.34039,1.00,1.00
2016.08.16 07:06:38.199,1.34021,1.34039,1.00,1.00
2016.08.16 07:06:38.301,1.34021,1.34039,1.00,1.10
2016.08.16 07:06:38.402,1.34019,1.34037,1.00,1.00
2016.08.16 07:06:41.916,1.34022,1.34037,1.50,1.00
2016.08.16 07:06:42.205,1.34031,1.34055,2.25,1.00
2016.08.16 07:06:42.256,1.34031,1.34054,2.25,1.12
2016.08.16 07:06:42.307,1.34031,1.34054,1.50,1.12
2016.08.16 07:06:42.358,1.34031,1.34054,1.00,1.10
2016.08.16 07:06:42.409,1.34031,1.34054,1.00,1.95
2016.08.16 07:06:42.460,1.3403,1.34054,1.50,1.95
2016.08.16 07:06:42.512,1.3403,1.34054,1.50,1.12
2016.08.16 07:06:42.563,1.3403,1.34054,1.00,1.50
2016.08.16 07:06:42.614,1.3403,1.34053,1.00,1.50
2016.08.16 07:06:42.665,1.3403,1.34053,1.00,1.87
2016.08.16 07:06:42.716,1.3403,1.34052,1.00,1.12
2016.08.16 07:06:42.966,1.34027,1.34052,1.50,1.20
2016.08.16 07:06:43.017,1.34029,1.34052,1.10,1.20
2016.08.16 07:06:43.069,1.34029,1.34053,1.10,1.50
2016.08.16 07:06:43.170,1.34027,1.34055,1.87,2.62
2016.08.16 07:06:43.221,1.34028,1.34046,1.10,1.00
2016.08.16 07:06:43.272,1.34028,1.34046,1.00,1.00
2016.08.16 07:06:45.025,1.34029,1.34049,1.00,1.00
2016.08.16 07:06:48.971,1.34029,1.34049,1.50,1.00
2016.08.16 07:06:49.655,1.34031,1.34049,1.00,1.00
2016.08.16 07:06:49.876,1.34027,1.34048,1.10,1.00
2016.08.16 07:06:49.926,1.34027,1.34042,1.10,1.00
2016.08.16 07:06:49.977,1.34025,1.34042,1.00,1.00
2016.08.16 07:06:50.028,1.34025,1.34043,1.00,1.00
2016.08.16 07:06:50.079,1.34025,1.34043,1.10,1.50
2016.08.16 07:06:50.130,1.34026,1.34043,1.00,1.00
2016.08.16 07:06:50.181,1.34026,1.34046,1.10,1.00
2016.08.16 07:06:50.333,1.34026,1.34046,1.10,1.00
2016.08.16 07:06:50.905,1.34026,1.34046,1.10,1.00
2016.08.16 07:06:51.105,1.34026,1.34046,1.57,1.00
2016.08.16 07:06:51.284,1.34027,1.34046,1.00,1.00
2016.08.16 07:06:53.559,1.34028,1.34046,1.00,1.00
2016.08.16 07:06:53.610,1.34028,1.34048,1.50,1.00
2016.08.16 07:06:53.890,1.34028,1.34048,1.50,1.00
2016.08.16 07:06:53.941,1.34029,1.34048,1.00,1.00
2016.08.16 07:06:54.471,1.3403,1.34048,1.00,1.00
2016.08.16 07:06:54.944,1.34032,1.34048,1.00,1.00
2016.08.16 07:06:56.863,1.34028,1.34048,2.32,1.00
2016.08.16 07:06:56.914,1.34028,1.34048,1.57,1.00
2016.08.16 07:06:57.985,1.34029,1.34048,1.00,1.00
2016.08.16 07:06:58.843,1.34032,1.34048,1.00,1.00
2016.08.16 07:06:59.906,1.34032,1.34049,1.00,1.00
2016.08.16 07:07:00.535,1.34031,1.34049,1.00,1.00
2016.08.16 07:07:00.840,1.34031,1.34049,1.50,1.00
2016.08.16 07:07:01.276,1.34031,1.34049,1.00,1.00
2016.08.16 07:07:01.326,1.34031,1.34048,1.00,1.00
2016.08.16 07:07:01.377,1.34031,1.34048,1.00,1.00
2016.08.16 07:07:01.986,1.34029,1.34047,1.00,1.00
2016.08.16 07:07:02.087,1.34029,1.34047,1.00,1.00
2016.08.16 07:07:02.635,1.34029,1.34047,1.00,1.50
2016.08.16 07:07:02.837,1.34029,1.34047,1.00,1.50
2016.08.16 07:07:02.888,1.34029,1.34047,1.00,1.50
2016.08.16 07:07:02.939,1.34029,1.34046,1.00,1.00
2016.08.16 07:07:02.990,1.34025,1.34043,1.57,1.00
2016.08.16 07:07:03.309,1.34025,1.34041,1.50,1.00
2016.08.16 07:07:03.479,1.34026,1.34041,1.00,1.00
2016.08.16 07:07:04.317,1.34026,1.34041,1.00,1.00
2016.08.16 07:07:06.245,1.34023,1.34041,1.00,1.00
2016.08.16 07:07:07.312,1.34024,1.34041,1.00,1.00
2016.08.16 07:07:07.413,1.34027,1.34042,1.00,1.00
2016.08.16 07:07:07.464,1.34031,1.34047,1.00,1.00
2016.08.16 07:07:07.515,1.34031,1.34048,1.50,1.00
2016.08.16 07:07:07.566,1.34031,1.3405,1.50,1.50
2016.08.16 07:07:07.617,1.34031,1.3405,1.00,1.00
2016.08.16 07:07:07.974,1.34032,1.3405,1.00,1.50
2016.08.16 07:07:08.026,1.34029,1.34048,1.00,1.00
2016.08.16 07:07:08.913,1.34027,1.34045,1.87,1.00
2016.08.16 07:07:09.016,1.34027,1.34045,1.50,1.00
2016.08.16 07:07:09.874,1.34027,1.34045,2.25,1.00
2016.08.16 07:07:11.901,1.34027,1.34045,2.25,1.00
2016.08.16 07:07:11.997,1.34027,1.34045,2.25,1.00
2016.08.16 07:07:14.593,1.34027,1.34044,1.50,1.00
2016.08.16 07:07:17.001,1.34027,1.34046,1.50,1.00
2016.08.16 07:07:17.464,1.34029,1.34046,1.00,1.00
2016.08.16 07:07:17.515,1.34029,1.34047,1.00,1.00
2016.08.16 07:07:17.616,1.3403,1.34048,1.00,1.10
2016.08.16 07:07:17.667,1.3403,1.34048,1.00,1.00
2016.08.16 07:07:17.718,1.3403,1.34048,1.50,1.00
2016.08.16 07:07:21.446,1.34031,1.34051,1.50,1.00
2016.08.16 07:07:21.497,1.34031,1.34051,2.25,1.00
2016.08.16 07:07:21.548,1.34031,1.34051,2.25,1.00
2016.08.16 07:07:22.400,1.34032,1.34051,1.00,1.00
2016.08.16 07:07:23.339,1.34035,1.34051,1.00,1.00
2016.08.16 07:07:29.678,1.34035,1.34052,1.00,1.00
2016.08.16 07:07:29.729,1.34035,1.34052,1.00,1.00
2016.08.16 07:07:29.797,1.34035,1.34052,1.00,1.00
2016.08.16 07:07:31.228,1.34035,1.34052,1.50,1.00
2016.08.16 07:07:32.092,1.34035,1.34053,2.25,1.00
2016.08.16 07:07:35.915,1.34035,1.34053,1.50,1.00
2016.08.16 07:07:36.462,1.34035,1.34055,1.50,1.00
2016.08.16 07:07:36.513,1.34035,1.34055,2.25,1.00
2016.08.16 07:07:39.393,1.34035,1.34055,3.00,1.00
2016.08.16 07:07:39.443,1.34036,1.34055,1.00,1.00
2016.08.16 07:07:40.152,1.34037,1.34055,1.00,1.00
2016.08.16 07:07:44.713,1.34037,1.34057,1.00,1.00
2016.08.16 07:07:45.136,1.3404,1.34057,1.00,1.00
2016.08.16 07:07:45.187,1.34043,1.34061,1.00,2.62
2016.08.16 07:07:45.238,1.34043,1.34061,1.00,1.50
2016.08.16 07:07:45.288,1.34038,1.34059,1.87,1.00
2016.08.16 07:07:45.339,1.34038,1.34059,1.50,1.00
2016.08.16 07:07:45.390,1.34041,1.34059,1.00,1.00
2016.08.16 07:07:45.441,1.34041,1.34059,1.00,1.00
2016.08.16 07:07:45.593,1.34036,1.34061,1.50,2.62
2016.08.16 07:07:46.518,1.34036,1.34061,1.12,3.00
2016.08.16 07:07:46.570,1.34036,1.3406,1.12,1.12
2016.08.16 07:07:47.072,1.34036,1.3406,1.12,1.12
2016.08.16 07:07:47.712,1.34039,1.34057,1.00,1.00
2016.08.16 07:07:49.492,1.34038,1.34056,1.00,1.00
2016.08.16 07:07:59.049,1.34038,1.34056,1.00,1.00
2016.08.16 07:07:59.846,1.34036,1.34054,1.50,1.00
2016.08.16 07:08:00.744,1.34036,1.34054,1.50,1.00
2016.08.16 07:08:01.442,1.34036,1.34054,1.50,1.00
2016.08.16 07:08:01.704,1.34036,1.34054,2.25,1.00
2016.08.16 07:08:01.805,1.34036,1.34054,2.25,1.00
2016.08.16 07:08:03.705,1.34036,1.34054,2.25,1.00
2016.08.16 07:08:04.070,1.34036,1.34054,1.50,1.00
2016.08.16 07:08:07.962,1.34036,1.34054,1.50,1.00
2016.08.16 07:08:09.153,1.34036,1.34054,1.00,1.00
2016.08.16 07:08:09.205,1.34036,1.34054,1.00,1.00
2016.08.16 07:08:11.046,1.34036,1.34054,1.50,1.00
2016.08.16 07:08:12.248,1.34041,1.34055,1.00,1.00
2016.08.16 07:08:12.696,1.34043,1.34058,1.00,1.00
2016.08.16 07:08:13.993,1.34043,1.34058,1.00,1.00
2016.08.16 07:08:14.052,1.34043,1.34059,1.00,1.10
2016.08.16 07:08:20.466,1.34043,1.34059,1.00,1.10
2016.08.16 07:08:21.531,1.34043,1.34059,1.00,1.10
2016.08.16 07:08:29.436,1.34043,1.34059,1.00,1.00
2016.08.16 07:08:29.788,1.34044,1.34061,1.00,1.50
2016.08.16 07:08:29.985,1.34044,1.34061,1.00,1.50
2016.08.16 07:08:30.527,1.34045,1.34061,1.00,1.00
2016.08.16 07:08:31.988,1.34045,1.34061,1.00,1.00
2016.08.16 07:08:32.230,1.34045,1.34062,1.00,1.50
2016.08.16 07:08:32.948,1.34041,1.3406,1.57,1.00
2016.08.16 07:08:47.193,1.34041,1.34059,1.57,1.00
2016.08.16 07:08:48.139,1.34041,1.34059,1.50,1.00
2016.08.16 07:09:03.227,1.34041,1.34059,1.50,1.00
2016.08.16 07:09:03.278,1.34041,1.34059,1.00,1.00
2016.08.16 07:09:03.329,1.34045,1.34062,1.00,1.00
2016.08.16 07:09:03.379,1.34045,1.34064,1.00,1.50
2016.08.16 07:09:03.430,1.34044,1.34064,1.50,1.37
2016.08.16 07:09:03.481,1.34044,1.34064,1.50,1.00
2016.08.16 07:09:03.532,1.34042,1.34065,1.12,1.00
2016.08.16 07:09:03.583,1.34042,1.34063,1.75,1.12
2016.08.16 07:09:03.634,1.34042,1.3406,1.00,1.00
2016.08.16 07:09:04.088,1.34041,1.3406,1.57,1.00
2016.08.16 07:09:13.911,1.34041,1.3406,1.57,1.00
2016.08.16 07:09:14.927,1.34041,1.3406,1.10,1.00
2016.08.16 07:09:21.134,1.34041,1.3406,1.00,1.00
2016.08.16 07:09:24.388,1.34041,1.3406,1.00,1.00
2016.08.16 07:09:25.095,1.34041,1.3406,1.00,1.10
2016.08.16 07:09:27.426,1.34042,1.3406,1.00,1.10
2016.08.16 07:09:27.480,1.34046,1.3406,1.00,1.10
2016.08.16 07:09:27.531,1.34046,1.3406,1.00,1.00
2016.08.16 07:09:27.581,1.34047,1.34064,1.50,1.12
2016.08.16 07:09:27.632,1.34047,1.34065,1.50,1.00
2016.08.16 07:09:27.683,1.34048,1.34065,1.00,1.00
2016.08.16 07:09:27.734,1.34048,1.34065,1.00,1.00
2016.08.16 07:09:28.706,1.34049,1.34065,1.00,1.00
2016.08.16 07:09:29.066,1.34047,1.34065,3.00,1.00
2016.08.16 07:09:29.999,1.34047,1.34067,3.00,1.00
2016.08.16 07:09:30.051,1.3405,1.34067,1.00,1.00
2016.08.16 07:09:30.274,1.3405,1.34067,1.00,1.00
2016.08.16 07:09:30.375,1.3405,1.34067,1.00,1.00
2016.08.16 07:09:30.527,1.3405,1.34067,1.00,1.00
2016.08.16 07:09:30.578,1.34047,1.34067,1.00,1.00
2016.08.16 07:09:30.629,1.34046,1.34062,1.00,1.50
2016.08.16 07:09:30.680,1.34043,1.34056,1.64,1.00
2016.08.16 07:09:31.250,1.34043,1.34054,1.64,1.00
2016.08.16 07:09:31.301,1.34037,1.34054,1.00,1.00
2016.08.16 07:09:31.715,1.34037,1.34057,2.32,1.00
2016.08.16 07:09:31.918,1.34039,1.34057,1.00,1.00
2016.08.16 07:09:32.272,1.34039,1.34057,1.50,1.00
2016.08.16 07:09:32.967,1.34043,1.34057,1.00,1.00
2016.08.16 07:09:33.018,1.34043,1.34058,1.00,1.00
2016.08.16 07:09:33.119,1.34043,1.34061,1.00,1.00
2016.08.16 07:09:33.412,1.34047,1.34061,1.00,1.00
2016.08.16 07:09:33.463,1.34047,1.34063,1.00,1.00
2016.08.16 07:09:33.514,1.34047,1.34065,1.50,1.00
2016.08.16 07:09:33.615,1.34049,1.34065,1.00,1.00
2016.08.16 07:09:34.302,1.3405,1.34065,1.00,1.00
2016.08.16 07:09:34.403,1.3405,1.34067,1.00,1.00
2016.08.16 07:09:34.903,1.34049,1.34067,2.25,1.00
2016.08.16 07:09:35.005,1.34049,1.34067,1.50,1.00
2016.08.16 07:09:36.442,1.3405,1.34067,1.00,1.00
2016.08.16 07:09:36.505,1.34049,1.34067,1.00,1.00
2016.08.16 07:09:36.606,1.34049,1.34067,1.00,1.00
2016.08.16 07:09:40.532,1.34049,1.34067,1.00,1.00
2016.08.16 07:09:40.734,1.34049,1.34067,1.00,1.00
2016.08.16 07:09:41.230,1.3405,1.34067,1.00,1.00
2016.08.16 07:09:42.122,1.34049,1.34067,1.50,1.00
2016.08.16 07:09:42.377,1.34051,1.34067,1.00,1.00
2016.08.16 07:09:43.569,1.34051,1.34067,1.00,1.00
2016.08.16 07:09:44.161,1.34052,1.34067,1.00,1.00
2016.08.16 07:09:44.211,1.34049,1.34067,1.00,1.00
2016.08.16 07:09:44.363,1.34052,1.34067,1.00,1.00
2016.08.16 07:09:44.414,1.34049,1.34067,1.00,1.00
2016.08.16 07:09:44.515,1.34051,1.34067,1.00,1.00
2016.08.16 07:09:45.708,1.34049,1.34067,1.00,1.00
2016.08.16 07:09:45.761,1.34051,1.34067,1.00,1.00
2016.08.16 07:09:46.283,1.34051,1.34064,1.00,1.87
2016.08.16 07:09:46.334,1.34041,1.34061,1.00,1.50
2016.08.16 07:09:46.435,1.3404,1.34058,1.00,1.00
2016.08.16 07:09:46.638,1.3404,1.34058,1.50,1.00
2016.08.16 07:09:46.790,1.3404,1.34058,1.50,1.00
2016.08.16 07:09:46.994,1.3404,1.34058,1.50,1.00
2016.08.16 07:09:47.435,1.3404,1.34058,1.50,1.00
2016.08.16 07:09:48.412,1.3404,1.34058,2.25,1.00
2016.08.16 07:09:48.463,1.3404,1.34058,3.00,1.00
2016.08.16 07:09:48.514,1.3404,1.34058,2.25,1.00
2016.08.16 07:09:48.862,1.34042,1.34058,1.00,1.00
2016.08.16 07:09:52.855,1.34042,1.34058,1.00,1.00
2016.08.16 07:09:57.612,1.34042,1.34058,1.00,1.00
2016.08.16 07:09:59.182,1.34042,1.34058,1.00,1.00
2016.08.16 07:10:01.700,1.34042,1.34058,1.00,1.00
2016.08.16 07:10:01.907,1.3404,1.34058,1.00,1.00
2016.08.16 07:10:01.957,1.34036,1.34056,1.00,1.00
2016.08.16 07:10:02.059,1.34036,1.34056,1.00,1.50
2016.08.16 07:10:02.110,1.34036,1.34056,1.00,1.50
2016.08.16 07:10:02.161,1.34034,1.34052,1.00,1.00
2016.08.16 07:10:02.212,1.34034,1.34052,1.00,1.00
2016.08.16 07:10:02.263,1.34031,1.34051,1.10,1.00
2016.08.16 07:10:02.556,1.34032,1.3405,1.00,1.50
2016.08.16 07:10:02.611,1.34032,1.3405,1.00,1.87
2016.08.16 07:10:02.692,1.34032,1.3405,1.00,1.50
2016.08.16 07:10:02.743,1.34032,1.3405,1.00,1.00
2016.08.16 07:10:03.596,1.34032,1.3405,1.00,1.00
2016.08.16 07:10:04.418,1.34032,1.3405,1.00,1.00
2016.08.16 07:10:05.415,1.34033,1.3405,2.25,1.00
2016.08.16 07:10:05.467,1.34037,1.34055,1.00,1.75
2016.08.16 07:10:05.755,1.34037,1.34055,1.00,1.00
2016.08.16 07:10:05.958,1.34038,1.34058,1.00,1.00
2016.08.16 07:10:08.236,1.34038,1.34058,1.00,1.00
2016.08.16 07:10:09.039,1.34038,1.34058,1.00,1.00
2016.08.16 07:10:16.102,1.34038,1.34058,1.00,1.00
2016.08.16 07:10:19.517,1.34039,1.34058,1.00,1.00
2016.08.16 07:10:20.363,1.3404,1.34058,1.00,1.00
2016.08.16 07:10:21.071,1.34042,1.34059,1.00,1.50
2016.08.16 07:10:21.122,1.34041,1.34059,1.00,1.00
2016.08.16 07:10:21.173,1.34045,1.34061,1.00,1.50
2016.08.16 07:10:21.223,1.34045,1.3406,1.00,1.00
2016.08.16 07:10:21.325,1.34045,1.34063,1.00,1.00
2016.08.16 07:10:22.215,1.34045,1.34063,1.00,1.00
2016.08.16 07:10:23.531,1.34046,1.34063,1.00,1.00
2016.08.16 07:10:24.234,1.34045,1.34063,1.00,1.00
2016.08.16 07:10:27.256,1.34045,1.34063,1.00,1.00
2016.08.16 07:10:28.345,1.34045,1.34063,1.00,1.00
2016.08.16 07:10:31.061,1.34045,1.34063,1.00,1.00
2016.08.16 07:10:32.388,1.34046,1.34064,1.00,1.00
2016.08.16 07:10:32.439,1.34046,1.34064,1.00,1.00
2016.08.16 07:10:34.687,1.34046,1.34064,1.00,1.00
2016.08.16 07:10:37.399,1.34046,1.34064,1.00,1.50
2016.08.16 07:10:37.784,1.34046,1.34064,1.00,1.00
2016.08.16 07:10:39.354,1.34046,1.34064,1.00,1.50
2016.08.16 07:10:40.830,1.34046,1.34063,1.00,1.00
2016.08.16 07:10:40.932,1.34043,1.34061,1.10,1.00
2016.08.16 07:10:41.092,1.34043,1.34061,1.00,1.00
2016.08.16 07:10:42.703,1.34043,1.34061,1.00,1.50
2016.08.16 07:10:43.054,1.3404,1.3406,1.12,1.00
2016.08.16 07:10:43.106,1.34038,1.34058,1.12,1.00
2016.08.16 07:10:43.157,1.34038,1.34058,1.12,1.00
2016.08.16 07:10:43.208,1.34038,1.34058,1.00,1.00
2016.08.16 07:10:43.411,1.34038,1.34058,1.00,1.00
2016.08.16 07:10:43.903,1.34038,1.34058,1.00,1.00
2016.08.16 07:10:43.954,1.34038,1.34058,1.50,1.00
2016.08.16 07:10:44.197,1.34038,1.34058,1.50,1.00
2016.08.16 07:10:44.298,1.34038,1.34058,1.50,1.00
2016.08.16 07:10:44.870,1.34038,1.34058,1.00,1.00
2016.08.16 07:10:44.920,1.34038,1.34058,1.00,1.00
2016.08.16 07:10:45.935,1.34038,1.34058,1.00,1.50
2016.08.16 07:10:48.574,1.34038,1.34058,1.00,1.00
2016.08.16 07:10:52.760,1.34039,1.34058,1.00,1.00
2016.08.16 07:10:53.979,1.34041,1.34059,1.00,1.00
2016.08.16 07:10:54.638,1.34041,1.34059,1.50,1.00
2016.08.16 07:10:54.997,1.34041,1.34059,1.50,1.00
2016.08.16 07:10:55.327,1.34041,1.34059,1.50,1.00
2016.08.16 07:10:55.979,1.34041,1.34059,1.50,1.00
2016.08.16 07:10:57.270,1.34041,1.34059,1.00,1.00
2016.08.16 07:10:58.844,1.34041,1.34059,1.00,1.00
2016.08.16 07:10:58.894,1.34043,1.34059,1.00,1.00
2016.08.16 07:10:58.945,1.34046,1.34064,1.00,1.50
2016.08.16 07:10:59.046,1.34046,1.34064,1.00,1.10
2016.08.16 07:10:59.148,1.34046,1.34064,1.00,1.00
2016.08.16 07:10:59.847,1.34046,1.34064,1.00,1.50
2016.08.16 07:10:59.948,1.34043,1.34062,1.00,1.00
2016.08.16 07:11:00.049,1.34042,1.34062,1.57,1.00
2016.08.16 07:11:00.150,1.34042,1.34062,1.50,1.00
2016.08.16 07:11:01.091,1.34043,1.34062,1.00,1.00
2016.08.16 07:11:01.142,1.34043,1.34062,1.00,1.00
2016.08.16 07:11:01.244,1.34043,1.3406,1.00,1.00
2016.08.16 07:11:01.295,1.3404,1.3406,2.62,1.00
2016.08.16 07:11:01.346,1.3404,1.3406,1.87,1.00
2016.08.16 07:11:01.694,1.3404,1.3406,1.87,1.00
2016.08.16 07:11:01.998,1.3404,1.3406,1.87,1.00
2016.08.16 07:11:02.099,1.3404,1.3406,1.87,1.00
2016.08.16 07:11:02.593,1.3404,1.3406,1.12,1.00
2016.08.16 07:11:03.737,1.3404,1.34059,1.12,1.00
2016.08.16 07:11:03.787,1.3404,1.34059,1.00,1.00
2016.08.16 07:11:03.889,1.34037,1.34057,1.57,1.50
2016.08.16 07:11:03.940,1.34037,1.34057,1.10,1.50
2016.08.16 07:11:04.472,1.34037,1.34057,1.00,1.50
2016.08.16 07:11:04.870,1.34037,1.34056,1.00,1.00
2016.08.16 07:11:05.097,1.34037,1.34057,1.00,1.50
2016.08.16 07:11:05.492,1.34037,1.34055,1.00,1.00
2016.08.16 07:11:12.675,1.34036,1.34054,1.00,1.00
2016.08.16 07:11:12.834,1.34039,1.34054,1.00,1.00
2016.08.16 07:11:12.885,1.34039,1.34059,1.00,1.50
2016.08.16 07:11:12.987,1.34039,1.34059,1.50,1.50
2016.08.16 07:11:13.139,1.34039,1.34059,1.50,1.00
2016.08.16 07:11:13.240,1.34039,1.34059,1.00,1.00
2016.08.16 07:11:13.602,1.34039,1.34059,1.12,1.00
2016.08.16 07:11:13.653,1.34039,1.3406,1.12,1.00
2016.08.16 07:11:13.827,1.3404,1.3406,1.10,1.00
2016.08.16 07:11:13.878,1.34041,1.34061,1.00,1.00
2016.08.16 07:11:13.928,1.34043,1.34061,1.00,1.00
2016.08.16 07:11:14.081,1.34043,1.34062,1.00,1.00
2016.08.16 07:11:14.131,1.34043,1.34062,1.00,1.00
2016.08.16 07:11:14.565,1.34043,1.34062,1.10,1.00
2016.08.16 07:11:15.843,1.34043,1.34062,1.10,1.00
2016.08.16 07:11:16.837,1.34049,1.34062,1.00,1.00
2016.08.16 07:11:16.902,1.34049,1.34065,1.00,1.00
2016.08.16 07:11:17.927,1.34048,1.34065,1.50,1.00
2016.08.16 07:11:18.606,1.34048,1.34066,1.50,1.50
2016.08.16 07:11:21.057,1.34048,1.34066,1.50,1.50
2016.08.16 07:11:21.158,1.34048,1.34066,1.00,1.50
2016.08.16 07:11:24.675,1.34048,1.34066,1.00,1.50
2016.08.16 07:11:28.345,1.34048,1.34066,1.00,1.50
2016.08.16 07:11:30.206,1.34048,1.34066,1.00,1.00
2016.08.16 07:11:33.187,1.34048,1.34067,1.00,1.00
2016.08.16 07:11:36.145,1.34048,1.34067,1.00,1.00
2016.08.16 07:11:36.196,1.34046,1.34065,1.57,1.00
2016.08.16 07:11:38.231,1.34046,1.34066,1.57,1.00
2016.08.16 07:11:38.332,1.34046,1.34066,1.57,1.00
2016.08.16 07:11:38.383,1.34048,1.34066,1.00,1.00
2016.08.16 07:11:38.903,1.34047,1.34066,1.00,1.08
2016.08.16 07:11:39.332,1.34046,1.34066,1.57,1.19
2016.08.16 07:11:39.621,1.34046,1.34066,1.57,1.08
2016.08.16 07:11:39.672,1.34048,1.34066,1.00,1.08
2016.08.16 07:11:40.736,1.34048,1.34066,1.00,1.06
2016.08.16 07:11:41.135,1.34048,1.34066,1.00,1.56
2016.08.16 07:11:41.186,1.34046,1.34066,1.00,1.94
2016.08.16 07:11:41.237,1.34046,1.34063,1.00,1.00
2016.08.16 07:11:41.288,1.34046,1.34063,1.00,1.10
2016.08.16 07:11:41.338,1.34042,1.3406,1.00,1.00
2016.08.16 07:11:41.389,1.34042,1.3406,1.00,1.00
2016.08.16 07:11:41.726,1.34038,1.34058,1.12,1.00
2016.08.16 07:11:41.777,1.34038,1.34058,1.00,1.00
2016.08.16 07:11:42.723,1.34038,1.34058,1.00,1.00
2016.08.16 07:11:43.766,1.34038,1.34058,1.50,1.00
2016.08.16 07:11:43.817,1.34038,1.34058,1.50,1.00
2016.08.16 07:11:43.868,1.34038,1.34058,1.50,1.00
2016.08.16 07:11:43.918,1.34038,1.34058,1.00,1.00
2016.08.16 07:11:46.803,1.34038,1.34058,1.00,1.00
2016.08.16 07:11:47.189,1.34038,1.34058,1.50,1.00
2016.08.16 07:11:47.508,1.3404,1.34058,1.00,1.00
2016.08.16 07:11:47.720,1.3404,1.34058,1.00,1.00
2016.08.16 07:11:49.755,1.3404,1.34058,1.00,1.00
2016.08.16 07:11:49.857,1.3404,1.34058,1.00,1.00
2016.08.16 07:11:50.456,1.3404,1.34058,1.00,1.00
2016.08.16 07:11:59.379,1.3404,1.34058,1.00,1.00
2016.08.16 07:11:59.586,1.3404,1.34058,1.00,1.00
2016.08.16 07:12:03.397,1.3404,1.34058,1.00,1.00
2016.08.16 07:12:03.954,1.3404,1.34058,1.00,1.00
2016.08.16 07:12:04.651,1.3404,1.34058,1.00,1.00
2016.08.16 07:12:04.722,1.3404,1.34058,1.00,1.00
2016.08.16 07:12:05.101,1.3404,1.34058,1.50,1.00
2016.08.16 07:12:05.254,1.3404,1.34058,1.00,1.00
2016.08.16 07:12:15.304,1.34041,1.34059,1.00,1.00
2016.08.16 07:12:16.952,1.34041,1.34059,1.00,1.00
2016.08.16 07:12:17.605,1.34041,1.34059,1.00,1.50
2016.08.16 07:12:17.933,1.34041,1.34059,1.00,1.00
2016.08.16 07:12:18.901,1.34041,1.34059,1.00,1.50
2016.08.16 07:12:25.521,1.34041,1.34059,1.00,1.00
2016.08.16 07:12:26.610,1.34038,1.34058,1.00,1.00
2016.08.16 07:12:26.712,1.34038,1.34058,1.00,1.00
2016.08.16 07:12:27.394,1.34038,1.34058,1.00,1.00
2016.08.16 07:12:29.097,1.34038,1.34058,1.00,1.00
2016.08.16 07:12:30.296,1.3404,1.34058,1.00,1.00
2016.08.16 07:12:37.511,1.3404,1.34058,1.00,1.00
2016.08.16 07:12:38.862,1.3404,1.34058,1.00,1.00
2016.08.16 07:12:42.383,1.3404,1.34058,1.00,1.00
2016.08.16 07:12:42.434,1.3404,1.34058,1.00,1.00
2016.08.16 07:12:42.636,1.3404,1.34058,1.00,1.00
2016.08.16 07:12:45.289,1.3404,1.34058,1.00,1.00
2016.08.16 07:12:45.678,1.3404,1.34058,1.00,1.00
2016.08.16 07:12:48.426,1.34041,1.34058,1.00,1.00
2016.08.16 07:12:48.527,1.34041,1.34058,1.00,1.00
2016.08.16 07:12:49.295,1.3404,1.34058,1.00,1.00
2016.08.16 07:12:49.649,1.3404,1.34058,1.00,1.00
2016.08.16 07:12:54.393,1.3404,1.34058,1.00,1.00
2016.08.16 07:12:54.637,1.3404,1.34058,1.00,1.00
2016.08.16 07:12:54.786,1.3404,1.34058,1.00,1.00
2016.08.16 07:12:55.302,1.3404,1.34058,1.00,1.00
2016.08.16 07:12:58.162,1.3404,1.34058,1.50,1.00
2016.08.16 07:12:58.213,1.34043,1.34058,1.00,1.00
2016.08.16 07:12:58.264,1.34046,1.34063,1.00,2.62
2016.08.16 07:12:58.315,1.34046,1.34063,1.00,1.46
2016.08.16 07:12:58.467,1.34046,1.34064,1.00,1.94
2016.08.16 07:13:00.304,1.34044,1.34062,1.00,1.00
2016.08.16 07:13:01.512,1.34044,1.34062,1.00,1.00
2016.08.16 07:13:01.563,1.34044,1.34062,1.50,1.00
2016.08.16 07:13:01.714,1.34044,1.34062,1.00,1.00
2016.08.16 07:13:02.248,1.34044,1.34062,1.00,1.08
2016.08.16 07:13:02.349,1.34044,1.34062,1.00,1.00
2016.08.16 07:13:07.033,1.34045,1.34062,1.00,1.08
2016.08.16 07:13:08.114,1.34047,1.34062,1.00,1.08
2016.08.16 07:13:08.216,1.34048,1.34065,1.00,1.06
2016.08.16 07:13:08.267,1.34048,1.34065,1.00,1.00
2016.08.16 07:13:08.667,1.34052,1.3407,1.87,1.37
2016.08.16 07:13:08.718,1.34057,1.34071,1.10,1.00
2016.08.16 07:13:08.768,1.34057,1.34075,1.10,1.50
2016.08.16 07:13:08.819,1.34057,1.34074,1.10,1.00
2016.08.16 07:13:09.073,1.34057,1.34074,1.00,1.00
2016.08.16 07:13:11.158,1.34057,1.34075,1.00,1.00
2016.08.16 07:13:11.345,1.34057,1.34075,1.00,1.00
2016.08.16 07:13:11.395,1.34057,1.34075,1.00,1.00
2016.08.16 07:13:11.446,1.34058,1.34075,1.00,1.00
2016.08.16 07:13:11.497,1.34061,1.34081,1.00,3.00
2016.08.16 07:13:11.548,1.34061,1.34079,1.50,1.10
2016.08.16 07:13:11.598,1.34061,1.34079,1.50,1.00
2016.08.16 07:13:11.649,1.34061,1.34079,1.00,1.00
2016.08.16 07:13:11.700,1.34058,1.34077,1.00,1.00
2016.08.16 07:13:11.974,1.34058,1.34077,1.00,1.50
2016.08.16 07:13:12.786,1.34058,1.34077,1.00,1.50
2016.08.16 07:13:22.041,1.34058,1.34077,1.00,1.00
2016.08.16 07:13:22.579,1.34058,1.34076,1.00,1.00
2016.08.16 07:13:22.836,1.34058,1.34076,1.12,1.00
2016.08.16 07:13:22.887,1.34062,1.3408,1.50,1.00
2016.08.16 07:13:22.938,1.34063,1.3408,1.00,1.00
2016.08.16 07:13:23.293,1.34062,1.34078,1.00,1.00
2016.08.16 07:13:23.694,1.34059,1.34077,1.00,1.00
2016.08.16 07:13:23.983,1.34059,1.34077,1.00,1.00
2016.08.16 07:13:24.344,1.3406,1.34077,1.00,1.00
2016.08.16 07:13:25.323,1.3406,1.34079,1.00,1.00
2016.08.16 07:13:25.424,1.34063,1.3408,1.00,1.00
2016.08.16 07:13:25.698,1.34067,1.34082,1.00,1.50
2016.08.16 07:13:25.749,1.34068,1.34083,1.00,1.00
2016.08.16 07:13:26.237,1.34068,1.34085,1.00,1.00
2016.08.16 07:13:26.645,1.34067,1.34085,1.50,1.00
2016.08.16 07:13:28.134,1.34069,1.34085,1.00,1.00
2016.08.16 07:13:30.239,1.34068,1.34085,1.00,1.00
2016.08.16 07:13:30.942,1.34067,1.34085,1.50,1.00
2016.08.16 07:13:31.690,1.34069,1.34085,1.00,1.00
2016.08.16 07:13:32.818,1.34068,1.34086,1.00,1.00
2016.08.16 07:13:36.070,1.34069,1.34086,1.00,1.00
2016.08.16 07:13:36.121,1.34069,1.34087,1.00,1.50
2016.08.16 07:13:38.811,1.34069,1.34085,1.00,1.00
2016.08.16 07:13:38.861,1.34065,1.34084,1.00,1.00
2016.08.16 07:13:38.912,1.34065,1.34084,1.00,1.00
2016.08.16 07:13:38.963,1.34067,1.34084,1.00,1.00
2016.08.16 07:13:40.975,1.34067,1.34084,1.00,1.00
2016.08.16 07:13:44.039,1.34064,1.34084,1.20,1.00
2016.08.16 07:13:44.090,1.34064,1.34084,1.57,1.00
2016.08.16 07:13:45.353,1.34064,1.34083,1.10,1.00
2016.08.16 07:13:45.404,1.34064,1.34083,1.10,1.00
2016.08.16 07:13:46.977,1.34063,1.34083,1.50,1.50
2016.08.16 07:13:47.078,1.34064,1.34083,1.10,1.50
2016.08.16 07:13:48.761,1.34064,1.34083,1.00,1.50
2016.08.16 07:13:54.302,1.34064,1.34083,1.00,1.50
2016.08.16 07:14:00.543,1.34064,1.34083,1.00,1.50
2016.08.16 07:14:01.606,1.34064,1.34083,1.00,1.50
2016.08.16 07:14:02.117,1.34064,1.34083,1.00,1.50
2016.08.16 07:14:02.790,1.34064,1.34081,1.00,1.00
2016.08.16 07:14:04.290,1.34064,1.34081,1.12,1.00
2016.08.16 07:14:05.133,1.34064,1.34081,1.00,1.00
2016.08.16 07:14:05.234,1.34066,1.34083,1.50,1.00
2016.08.16 07:14:05.538,1.34068,1.34083,1.00,1.00
2016.08.16 07:14:05.689,1.34068,1.34084,1.00,1.50
2016.08.16 07:14:05.970,1.34068,1.34084,1.50,1.00
2016.08.16 07:14:06.033,1.34068,1.34086,1.50,1.50
2016.08.16 07:14:06.249,1.34068,1.34086,1.50,1.50
2016.08.16 07:14:08.610,1.34068,1.34085,1.00,1.00
2016.08.16 07:14:09.136,1.34068,1.34085,1.00,1.00
2016.08.16 07:14:09.186,1.34069,1.34086,1.00,1.00
2016.08.16 07:14:09.237,1.34069,1.34086,1.00,1.00
2016.08.16 07:14:09.763,1.34068,1.34086,1.00,1.00
2016.08.16 07:14:11.824,1.34068,1.34086,1.00,1.50
2016.08.16 07:14:11.976,1.34068,1.34086,1.00,1.00
2016.08.16 07:14:12.281,1.34076,1.3409,1.00,1.00
2016.08.16 07:14:12.331,1.34075,1.34091,1.00,1.00
2016.08.16 07:14:12.822,1.34074,1.34093,1.00,1.00
2016.08.16 07:14:12.873,1.34074,1.34093,1.00,1.00
2016.08.16 07:14:12.924,1.34074,1.34093,1.00,1.50
2016.08.16 07:14:13.126,1.34073,1.34092,1.00,1.00
2016.08.16 07:14:13.816,1.34074,1.34093,1.00,1.00
2016.08.16 07:14:13.866,1.34074,1.34093,1.00,1.00
2016.08.16 07:14:13.917,1.34074,1.3409,1.00,1.00
2016.08.16 07:14:14.181,1.34074,1.3409,1.00,1.00
2016.08.16 07:14:14.340,1.34074,1.3409,1.00,1.00
2016.08.16 07:14:14.441,1.34072,1.3409,1.50,1.00
2016.08.16 07:14:16.030,1.34072,1.3409,1.00,1.00
2016.08.16 07:14:16.380,1.34072,1.3409,1.00,1.00
2016.08.16 07:14:17.854,1.34072,1.3409,1.50,1.00
2016.08.16 07:14:19.139,1.34072,1.3409,1.00,1.00
2016.08.16 07:14:19.240,1.34072,1.3409,1.50,1.00
2016.08.16 07:14:19.290,1.34072,1.3409,1.50,1.00
2016.08.16 07:14:19.341,1.34072,1.3409,1.00,1.00
2016.08.16 07:14:19.392,1.34072,1.3409,1.00,1.00
2016.08.16 07:14:19.443,1.34069,1.34087,1.50,1.00
2016.08.16 07:14:19.684,1.34069,1.34087,1.50,1.00
2016.08.16 07:14:19.735,1.34067,1.34087,1.10,1.50
2016.08.16 07:14:20.150,1.34067,1.34087,1.10,1.50
2016.08.16 07:14:20.492,1.34067,1.34087,1.10,1.00
2016.08.16 07:14:20.543,1.34068,1.34087,1.00,1.50
2016.08.16 07:14:20.594,1.34068,1.34087,1.00,1.50
2016.08.16 07:14:20.644,1.34069,1.34089,1.00,1.57
2016.08.16 07:14:20.695,1.34069,1.34087,1.00,1.00
2016.08.16 07:14:20.982,1.34067,1.34086,1.10,1.00
2016.08.16 07:14:22.472,1.34067,1.34086,1.10,1.00
2016.08.16 07:14:23.133,1.34067,1.34084,1.10,1.00
2016.08.16 07:14:30.448,1.34067,1.34085,1.57,1.00
2016.08.16 07:14:31.273,1.34067,1.34085,1.50,1.00
2016.08.16 07:14:32.072,1.34066,1.34084,1.10,1.00
2016.08.16 07:14:32.175,1.34066,1.34084,1.10,1.00
2016.08.16 07:14:32.276,1.34064,1.34082,1.50,1.00
2016.08.16 07:14:32.327,1.34064,1.34082,1.00,1.00
2016.08.16 07:14:32.888,1.34064,1.34082,1.50,1.00
2016.08.16 07:14:32.939,1.34064,1.34082,2.25,1.00
2016.08.16 07:14:35.244,1.34064,1.34082,1.50,1.00
2016.08.16 07:14:35.583,1.34064,1.34082,1.00,1.00
2016.08.16 07:14:36.137,1.34064,1.34082,1.50,1.00
2016.08.16 07:14:36.486,1.34064,1.34082,1.00,1.00
2016.08.16 07:14:38.972,1.34066,1.34084,1.00,1.00
2016.08.16 07:14:40.133,1.34066,1.34084,1.00,1.00
2016.08.16 07:14:40.235,1.34066,1.34084,1.00,1.00
2016.08.16 07:14:40.286,1.34068,1.34086,1.00,1.00
2016.08.16 07:14:40.336,1.34068,1.34086,1.00,1.00
2016.08.16 07:14:41.407,1.34068,1.34086,1.00,1.00
2016.08.16 07:14:41.892,1.34068,1.34086,1.00,1.00
2016.08.16 07:14:41.943,1.34068,1.34086,1.00,1.00
2016.08.16 07:14:42.044,1.34068,1.34086,1.00,1.00
2016.08.16 07:14:42.521,1.34066,1.34086,1.57,1.00
2016.08.16 07:14:42.776,1.34066,1.34086,1.57,1.50
2016.08.16 07:14:43.256,1.34066,1.34086,1.10,1.50
2016.08.16 07:14:43.414,1.34066,1.34086,1.10,1.50
2016.08.16 07:14:43.500,1.34066,1.34086,1.10,1.50
2016.08.16 07:14:43.831,1.34066,1.34086,1.10,1.50
2016.08.16 07:14:44.417,1.34066,1.34086,1.10,1.50
2016.08.16 07:14:44.518,1.34066,1.34086,1.10,1.50
2016.08.16 07:14:45.222,1.34066,1.34086,1.10,1.50
2016.08.16 07:14:46.161,1.34066,1.34086,1.00,1.00
2016.08.16 07:14:51.921,1.34066,1.34086,1.00,1.00
2016.08.16 07:14:52.361,1.34066,1.34086,1.00,1.50
2016.08.16 07:14:52.796,1.34066,1.34086,1.00,1.00
2016.08.16 07:14:52.846,1.34066,1.34086,1.00,1.00
2016.08.16 07:14:52.947,1.34066,1.34086,1.00,1.00
2016.08.16 07:14:54.250,1.34066,1.34086,1.00,1.00
2016.08.16 07:14:55.231,1.34066,1.34086,1.00,1.00
2016.08.16 07:14:56.169,1.34066,1.34086,1.00,1.00
2016.08.16 07:14:58.114,1.34066,1.34085,1.00,1.00
2016.08.16 07:14:58.421,1.34066,1.34085,1.00,1.00
2016.08.16 07:14:58.472,1.34066,1.34085,1.00,1.00
2016.08.16 07:14:59.201,1.34064,1.34082,1.00,1.00
2016.08.16 07:14:59.957,1.34064,1.34082,1.00,1.00
2016.08.16 07:15:00.541,1.34063,1.34082,1.57,1.00
2016.08.16 07:15:00.783,1.34063,1.34082,1.57,1.00
2016.08.16 07:15:01.791,1.34063,1.34082,1.57,1.00
2016.08.16 07:15:01.900,1.34063,1.34082,1.57,1.00
2016.08.16 07:15:02.572,1.34062,1.34078,1.00,1.87
2016.08.16 07:15:02.915,1.34062,1.34076,1.00,1.00
2016.08.16 07:15:04.247,1.34062,1.34073,1.00,1.00
2016.08.16 07:15:05.015,1.34062,1.34073,1.00,1.00
2016.08.16 07:15:05.511,1.34058,1.34073,1.00,1.00
2016.08.16 07:15:07.223,1.34058,1.34073,1.00,1.00
2016.08.16 07:15:10.901,1.34058,1.34073,1.00,1.00
2016.08.16 07:15:11.835,1.34058,1.34073,1.00,1.00
2016.08.16 07:15:11.886,1.34058,1.34075,1.00,1.10
2016.08.16 07:15:11.937,1.34063,1.34075,1.00,1.10
2016.08.16 07:15:11.988,1.34067,1.3408,1.00,1.50
2016.08.16 07:15:12.234,1.34066,1.3408,1.00,1.00
2016.08.16 07:15:12.313,1.34068,1.34082,1.00,1.37
2016.08.16 07:15:12.364,1.34066,1.3408,1.00,1.12
2016.08.16 07:15:12.466,1.34066,1.34081,1.00,1.37
2016.08.16 07:15:12.517,1.34066,1.34081,1.00,1.50
2016.08.16 07:15:12.568,1.34066,1.3408,1.00,1.20
2016.08.16 07:15:12.619,1.34066,1.3408,1.00,1.12
2016.08.16 07:15:13.555,1.34066,1.3408,1.00,1.87
2016.08.16 07:15:13.656,1.34066,1.34077,1.00,1.00
2016.08.16 07:15:14.237,1.34066,1.34077,1.00,1.00
2016.08.16 07:15:14.644,1.34063,1.34077,1.50,1.00
2016.08.16 07:15:14.746,1.34061,1.34077,1.50,1.00
2016.08.16 07:15:16.150,1.3406,1.34077,1.50,1.00
2016.08.16 07:15:17.203,1.3406,1.34075,1.50,1.00
2016.08.16 07:15:20.063,1.3406,1.34078,1.50,1.00
2016.08.16 07:15:20.539,1.34061,1.34078,1.00,1.00
2016.08.16 07:15:20.594,1.34061,1.34078,2.25,1.00
2016.08.16 07:15:20.696,1.34061,1.34081,2.32,1.00
2016.08.16 07:15:20.747,1.34061,1.34081,2.32,1.00
2016.08.16 07:15:21.382,1.34063,1.34081,1.50,1.00
2016.08.16 07:15:21.861,1.34062,1.34081,2.25,1.00
2016.08.16 07:15:22.163,1.34063,1.34081,1.50,1.00
2016.08.16 07:15:22.214,1.34063,1.34081,1.50,1.00
2016.08.16 07:15:24.776,1.34062,1.34081,2.25,1.00
2016.08.16 07:15:24.932,1.34062,1.34081,2.25,1.00
2016.08.16 07:15:26.407,1.34062,1.34081,1.00,1.00
2016.08.16 07:15:27.880,1.34061,1.34081,3.07,1.00
2016.08.16 07:15:27.931,1.34061,1.34081,2.32,1.00
2016.08.16 07:15:28.121,1.34061,1.34081,2.32,1.00
2016.08.16 07:15:28.592,1.34061,1.34079,1.57,1.00
2016.08.16 07:15:28.643,1.34061,1.34079,2.32,1.00
2016.08.16 07:15:28.744,1.34062,1.34079,1.50,1.00
2016.08.16 07:15:29.151,1.34062,1.34079,1.50,1.00
2016.08.16 07:15:29.887,1.34062,1.34079,2.25,1.00
2016.08.16 07:15:29.938,1.34062,1.3408,3.00,1.00
2016.08.16 07:15:31.321,1.34062,1.3408,3.75,1.00
2016.08.16 07:15:31.780,1.34062,1.3408,3.00,1.00
2016.08.16 07:15:31.831,1.34062,1.3408,3.00,1.00
2016.08.16 07:15:33.000,1.34062,1.3408,2.25,1.00
2016.08.16 07:15:34.331,1.34061,1.3408,3.07,1.00
2016.08.16 07:15:35.377,1.34062,1.3408,1.00,1.00
2016.08.16 07:15:35.479,1.34061,1.3408,3.07,1.00
2016.08.16 07:15:36.033,1.34061,1.3408,3.07,1.00
2016.08.16 07:15:36.852,1.34061,1.3408,2.32,1.00
2016.08.16 07:15:36.953,1.34061,1.34078,2.32,1.00
2016.08.16 07:15:37.355,1.34061,1.34078,2.32,1.00
2016.08.16 07:15:37.923,1.34061,1.34078,3.07,1.00
2016.08.16 07:15:39.047,1.34061,1.34078,2.32,1.00
2016.08.16 07:15:39.148,1.34061,1.34078,1.10,1.00
2016.08.16 07:15:39.610,1.3406,1.34078,3.00,1.00
2016.08.16 07:15:39.661,1.3406,1.34077,1.00,1.00
2016.08.16 07:15:40.893,1.3406,1.34077,2.25,1.00
2016.08.16 07:15:40.944,1.3406,1.34077,1.50,1.00
2016.08.16 07:15:40.995,1.3406,1.34077,1.50,1.00
2016.08.16 07:15:41.853,1.34059,1.34077,1.50,1.00
2016.08.16 07:15:41.954,1.34059,1.34077,1.50,1.00
2016.08.16 07:15:42.878,1.34058,1.34077,1.00,1.00
2016.08.16 07:15:44.244,1.34058,1.34076,1.00,1.00
2016.08.16 07:15:44.588,1.34058,1.34076,1.00,1.00
2016.08.16 07:15:45.734,1.34056,1.34076,3.00,1.00
2016.08.16 07:15:46.562,1.34059,1.34078,1.00,1.12
2016.08.16 07:15:46.612,1.34059,1.34078,1.00,1.10
2016.08.16 07:15:46.966,1.3406,1.34078,1.00,1.10
2016.08.16 07:15:47.169,1.34059,1.34078,1.00,1.10
2016.08.16 07:15:48.023,1.34059,1.34079,1.50,1.12
2016.08.16 07:15:50.979,1.34059,1.34079,1.50,1.12
2016.08.16 07:15:51.029,1.34059,1.34075,1.00,1.00
2016.08.16 07:15:51.080,1.34057,1.34075,1.00,1.00
2016.08.16 07:15:51.242,1.34057,1.34075,1.00,1.00
2016.08.16 07:15:53.015,1.34057,1.34075,1.00,1.00
2016.08.16 07:15:53.167,1.34058,1.34078,1.00,1.12
2016.08.16 07:15:53.218,1.34058,1.34078,1.00,1.10
2016.08.16 07:15:55.388,1.34058,1.34078,1.00,1.10
2016.08.16 07:15:58.226,1.34058,1.34078,1.00,1.57
2016.08.16 07:15:58.277,1.34058,1.34078,1.00,1.87
2016.08.16 07:15:59.136,1.34058,1.34075,1.00,1.00
2016.08.16 07:15:59.238,1.34058,1.34075,1.00,1.00
2016.08.16 07:15:59.289,1.34054,1.34072,1.87,1.00
2016.08.16 07:15:59.339,1.34054,1.34072,1.50,1.00
2016.08.16 07:15:59.390,1.34053,1.34071,1.00,1.00
2016.08.16 07:15:59.441,1.34053,1.34071,1.00,1.00
2016.08.16 07:15:59.492,1.34053,1.34071,1.50,1.00
2016.08.16 07:15:59.808,1.34053,1.34071,1.50,1.00
2016.08.16 07:16:00.143,1.34053,1.34071,1.50,1.00
2016.08.16 07:16:00.196,1.34053,1.34071,1.50,1.00
2016.08.16 07:16:07.009,1.34053,1.34071,1.50,1.00
2016.08.16 07:16:07.117,1.34053,1.34071,1.50,1.00
2016.08.16 07:16:11.242,1.34053,1.34071,1.50,1.00
2016.08.16 07:16:11.343,1.34053,1.34071,1.50,1.00
2016.08.16 07:16:12.336,1.34053,1.34071,2.25,1.00
2016.08.16 07:16:12.402,1.34055,1.34071,1.00,1.00
2016.08.16 07:16:12.946,1.34054,1.34071,1.00,1.00
2016.08.16 07:16:13.139,1.34054,1.34071,1.00,1.00
2016.08.16 07:16:13.662,1.34054,1.34071,1.00,1.00
2016.08.16 07:16:14.951,1.34055,1.34071,1.00,1.00
2016.08.16 07:16:15.002,1.34056,1.34074,1.00,1.00
2016.08.16 07:16:19.800,1.34056,1.34074,1.00,1.50
2016.08.16 07:16:24.528,1.34056,1.34074,1.50,1.00
2016.08.16 07:16:25.081,1.34056,1.34074,1.50,1.00
2016.08.16 07:16:25.338,1.34056,1.34074,1.50,1.00
2016.08.16 07:16:25.575,1.34056,1.34074,1.50,1.00
2016.08.16 07:16:26.046,1.34056,1.34074,1.50,1.00
2016.08.16 07:16:26.768,1.34056,1.34074,1.50,1.00
2016.08.16 07:16:26.970,1.34056,1.34074,1.00,1.00
2016.08.16 07:16:27.545,1.34056,1.34074,1.00,1.00
2016.08.16 07:16:27.848,1.34056,1.34074,1.00,1.00
2016.08.16 07:16:28.622,1.34056,1.34074,1.00,1.00
2016.08.16 07:16:29.687,1.34056,1.34074,1.00,1.00
2016.08.16 07:16:30.395,1.34056,1.34074,1.00,1.50
2016.08.16 07:16:30.498,1.34053,1.34073,1.00,1.10
2016.08.16 07:16:30.549,1.34053,1.34073,1.00,1.10
2016.08.16 07:16:30.600,1.34053,1.34073,1.12,1.10
2016.08.16 07:16:30.651,1.34053,1.34073,1.12,1.57
2016.08.16 07:16:30.702,1.3405,1.3407,1.37,1.00
2016.08.16 07:16:30.753,1.3405,1.3407,1.37,1.12
2016.08.16 07:16:30.804,1.3405,1.3407,1.00,1.87
2016.08.16 07:16:31.546,1.3405,1.3407,1.00,1.50
2016.08.16 07:16:31.812,1.3405,1.34069,1.00,1.00
2016.08.16 07:16:32.268,1.3405,1.34069,1.00,1.50
2016.08.16 07:16:32.891,1.3405,1.34069,1.00,1.50
2016.08.16 07:16:33.553,1.3405,1.34069,1.00,1.00
2016.08.16 07:16:33.604,1.3405,1.34069,1.00,1.00
2016.08.16 07:16:35.034,1.3405,1.34069,1.00,1.57
2016.08.16 07:16:36.096,1.3405,1.34069,1.00,1.57
2016.08.16 07:16:36.198,1.3405,1.34069,1.00,1.57
2016.08.16 07:16:36.772,1.3405,1.34068,1.00,1.00
2016.08.16 07:16:36.874,1.3405,1.34068,1.00,1.00
2016.08.16 07:16:38.303,1.34048,1.34068,1.00,1.50
2016.08.16 07:16:38.405,1.34048,1.34068,1.00,1.50
2016.08.16 07:16:40.219,1.34048,1.34068,1.00,1.50
2016.08.16 07:16:40.321,1.34047,1.34065,1.00,1.00
2016.08.16 07:16:40.371,1.34047,1.34065,1.00,1.00
2016.08.16 07:16:40.523,1.34047,1.34065,1.00,1.50
2016.08.16 07:16:41.943,1.34045,1.34063,1.00,1.00
2016.08.16 07:16:42.235,1.34045,1.34063,1.00,1.00
2016.08.16 07:16:44.122,1.34045,1.34063,1.50,1.00
2016.08.16 07:16:44.591,1.34047,1.34065,1.00,1.00
2016.08.16 07:16:44.642,1.34044,1.34062,1.10,1.00
2016.08.16 07:16:44.693,1.34044,1.34062,1.10,1.00
2016.08.16 07:16:44.744,1.34044,1.34062,1.00,1.00
2016.08.16 07:16:44.892,1.34044,1.34062,1.00,1.00
2016.08.16 07:16:44.994,1.34044,1.34062,1.00,1.00
2016.08.16 07:16:45.465,1.34044,1.34061,1.00,1.00
2016.08.16 07:16:45.516,1.34038,1.34056,1.00,1.00
2016.08.16 07:16:45.569,1.34037,1.34055,1.00,1.00
2016.08.16 07:16:45.620,1.34035,1.34055,1.50,1.00
2016.08.16 07:16:45.722,1.34035,1.34055,1.50,1.10
2016.08.16 07:16:46.337,1.34035,1.34055,1.50,1.00
2016.08.16 07:16:48.131,1.34035,1.34053,1.00,1.00
2016.08.16 07:16:48.785,1.34036,1.34053,1.00,1.00
2016.08.16 07:16:48.836,1.34038,1.34056,1.00,1.10
2016.08.16 07:16:48.988,1.34038,1.34056,1.50,1.00
2016.08.16 07:16:49.039,1.34039,1.34057,1.00,2.32
2016.08.16 07:16:49.141,1.34039,1.34057,1.00,1.50
2016.08.16 07:16:49.708,1.34039,1.34057,1.00,1.00
2016.08.16 07:16:50.050,1.34039,1.34057,1.00,1.00
2016.08.16 07:16:50.152,1.34039,1.34057,1.00,1.00
2016.08.16 07:16:50.203,1.34043,1.34057,1.00,1.00
2016.08.16 07:16:50.254,1.34043,1.3406,1.00,1.10
2016.08.16 07:16:50.304,1.34043,1.3406,1.00,1.10
2016.08.16 07:16:50.355,1.34043,1.34061,1.00,1.00
2016.08.16 07:16:50.954,1.34046,1.34061,1.00,1.00
2016.08.16 07:16:51.005,1.34046,1.34064,1.00,1.00
2016.08.16 07:16:51.858,1.34045,1.34064,1.00,1.00
2016.08.16 07:16:52.970,1.34047,1.34065,1.00,1.00
2016.08.16 07:16:53.530,1.34047,1.34065,1.00,1.00
2016.08.16 07:16:53.632,1.34047,1.34065,1.00,1.00
2016.08.16 07:16:55.179,1.34047,1.34065,1.00,1.12
2016.08.16 07:16:55.230,1.34045,1.34063,1.00,1.00
2016.08.16 07:16:55.595,1.34045,1.34063,1.00,1.00
2016.08.16 07:16:56.904,1.34045,1.34063,1.00,1.00
2016.08.16 07:16:57.262,1.34045,1.34063,1.50,1.00
2016.08.16 07:16:58.365,1.34045,1.34063,1.00,1.00
2016.08.16 07:16:59.413,1.34045,1.34063,1.00,1.00
2016.08.16 07:16:59.464,1.34045,1.34061,1.00,1.00
2016.08.16 07:17:00.791,1.34042,1.34061,2.62,1.00
2016.08.16 07:17:00.842,1.34042,1.34061,2.62,1.00
2016.08.16 07:17:01.446,1.34042,1.34062,2.32,1.00
2016.08.16 07:17:01.497,1.34042,1.3406,2.32,1.00
2016.08.16 07:17:01.957,1.34042,1.3406,2.32,1.00
2016.08.16 07:17:02.008,1.34037,1.34055,1.50,1.00
2016.08.16 07:17:02.059,1.34037,1.34055,1.00,1.00
2016.08.16 07:17:02.109,1.34036,1.34054,1.00,1.00
2016.08.16 07:17:02.160,1.34036,1.34054,1.00,1.00
2016.08.16 07:17:02.211,1.34034,1.34052,1.00,1.00
2016.08.16 07:17:02.764,1.34034,1.34052,1.00,1.00
2016.08.16 07:17:03.200,1.34033,1.34051,1.00,1.00
2016.08.16 07:17:08.697,1.34033,1.34051,1.50,1.00
2016.08.16 07:17:08.748,1.34033,1.34051,1.50,1.00
2016.08.16 07:17:09.871,1.34033,1.34051,1.50,1.00
2016.08.16 07:17:11.276,1.34033,1.34051,1.50,1.00
2016.08.16 07:17:11.577,1.34034,1.34051,1.00,1.00
2016.08.16 07:17:11.780,1.34034,1.34051,1.12,1.00
2016.08.16 07:17:11.830,1.34036,1.34054,1.00,1.10
2016.08.16 07:17:11.982,1.34036,1.34054,1.00,1.10
2016.08.16 07:17:12.760,1.34036,1.34054,1.00,1.57
2016.08.16 07:17:12.830,1.34036,1.34054,1.00,1.10
2016.08.16 07:17:12.983,1.34036,1.34054,1.00,1.10
2016.08.16 07:17:13.336,1.34036,1.34054,1.00,1.10
2016.08.16 07:17:13.623,1.34036,1.34054,1.00,1.10
2016.08.16 07:17:13.674,1.34036,1.34054,1.00,1.10
2016.08.16 07:17:14.191,1.34036,1.34053,1.00,1.00
2016.08.16 07:17:14.241,1.34036,1.34053,1.00,1.00
2016.08.16 07:17:14.343,1.34036,1.34053,1.00,1.00
2016.08.16 07:17:15.387,1.34036,1.34053,1.00,1.00
2016.08.16 07:17:15.439,1.34036,1.34053,1.00,1.00
2016.08.16 07:17:15.589,1.34036,1.34053,1.00,1.00
2016.08.16 07:17:15.641,1.34036,1.34053,1.00,1.00
2016.08.16 07:17:15.743,1.34036,1.34053,1.00,1.00
2016.08.16 07:17:16.374,1.34036,1.34053,1.00,1.00
2016.08.16 07:17:16.541,1.34036,1.34053,1.00,1.00
2016.08.16 07:17:16.643,1.34036,1.34053,1.00,1.00
2016.08.16 07:17:17.242,1.34036,1.34053,1.00,1.00
2016.08.16 07:17:17.568,1.34036,1.34053,1.00,1.00
2016.08.16 07:17:18.046,1.34036,1.34053,1.00,1.00
2016.08.16 07:17:21.465,1.34036,1.34054,1.00,1.57
2016.08.16 07:17:21.567,1.34036,1.34054,1.00,1.57
2016.08.16 07:17:21.770,1.34036,1.34054,1.00,1.57
2016.08.16 07:17:21.872,1.34036,1.34054,1.00,1.57
2016.08.16 07:17:22.407,1.34036,1.34054,1.00,1.57
2016.08.16 07:17:23.193,1.34036,1.34054,1.16,1.57
2016.08.16 07:17:23.244,1.34036,1.34054,1.25,1.57
2016.08.16 07:17:23.646,1.34036,1.34054,1.16,1.57
2016.08.16 07:17:24.419,1.34036,1.34054,1.16,1.57
2016.08.16 07:17:24.479,1.34036,1.34054,1.16,1.10
2016.08.16 07:17:24.631,1.34036,1.34053,1.16,1.00
2016.08.16 07:17:25.056,1.34036,1.34053,1.16,1.00
2016.08.16 07:17:25.877,1.34036,1.34053,1.16,1.00
2016.08.16 07:17:26.162,1.34036,1.34053,1.16,1.00
2016.08.16 07:17:26.780,1.34036,1.34053,1.16,1.00
2016.08.16 07:17:26.910,1.34036,1.34054,1.16,1.10
2016.08.16 07:17:27.012,1.34036,1.34053,1.16,1.00
2016.08.16 07:17:27.062,1.34036,1.34053,1.16,1.00
2016.08.16 07:17:27.603,1.34036,1.34053,1.16,1.00
2016.08.16 07:17:28.818,1.34036,1.34053,1.00,1.00
2016.08.16 07:17:29.191,1.34036,1.34054,1.00,1.10
2016.08.16 07:17:29.517,1.34036,1.34053,1.00,1.00
2016.08.16 07:17:29.568,1.34036,1.34053,1.00,1.00
2016.08.16 07:17:29.619,1.34036,1.34053,1.50,1.00
2016.08.16 07:17:29.670,1.34036,1.34054,1.50,1.10
2016.08.16 07:17:29.721,1.34036,1.34054,1.00,1.10
2016.08.16 07:17:30.022,1.34036,1.34054,1.12,1.10
2016.08.16 07:17:30.125,1.34036,1.34053,1.00,1.00
2016.08.16 07:17:30.401,1.34036,1.34054,1.00,1.10
2016.08.16 07:17:30.454,1.34036,1.34054,1.00,1.10
2016.08.16 07:17:32.098,1.34036,1.34054,1.50,1.10
2016.08.16 07:17:32.199,1.34036,1.34054,1.00,1.10
2016.08.16 07:17:32.667,1.34036,1.34054,2.00,1.10
2016.08.16 07:17:33.101,1.34036,1.34054,1.25,1.10
2016.08.16 07:17:35.705,1.34036,1.34054,1.25,1.10
2016.08.16 07:17:35.946,1.34036,1.34054,1.25,1.10
2016.08.16 07:17:36.080,1.34036,1.34054,1.25,1.10
2016.08.16 07:17:36.210,1.34036,1.34053,1.25,1.00
2016.08.16 07:17:41.384,1.34036,1.34053,1.16,1.00
2016.08.16 07:17:41.922,1.34036,1.34053,1.16,1.00
2016.08.16 07:17:45.131,1.34036,1.34053,1.62,1.00
2016.08.16 07:17:45.233,1.34038,1.34054,1.12,1.00
2016.08.16 07:17:45.283,1.34038,1.34057,1.50,1.10
2016.08.16 07:17:45.334,1.3404,1.34057,1.16,1.10
2016.08.16 07:17:45.385,1.3404,1.34058,2.00,1.12
2016.08.16 07:17:45.436,1.34044,1.34058,1.00,1.00
2016.08.16 07:17:45.487,1.34044,1.34061,1.00,1.50
2016.08.16 07:17:45.888,1.34043,1.34061,1.00,1.00
2016.08.16 07:17:45.939,1.34042,1.34061,1.10,1.00
2016.08.16 07:17:46.041,1.34041,1.34061,2.62,1.00
2016.08.16 07:17:46.091,1.34041,1.34061,3.00,1.00
2016.08.16 07:17:46.142,1.34041,1.34061,3.00,1.00
2016.08.16 07:17:46.506,1.34044,1.34062,1.00,1.00
2016.08.16 07:17:46.556,1.34044,1.34062,1.00,1.00
2016.08.16 07:17:47.167,1.34044,1.34062,1.00,1.00
2016.08.16 07:17:47.218,1.34044,1.34062,1.00,1.00
2016.08.16 07:17:47.549,1.34044,1.34062,1.00,1.00
2016.08.16 07:17:48.162,1.34044,1.34062,1.00,1.50
2016.08.16 07:17:48.314,1.34045,1.34062,1.00,1.00
2016.08.16 07:17:52.569,1.34045,1.34062,1.00,1.00
2016.08.16 07:17:58.220,1.34045,1.34062,1.00,1.00
2016.08.16 07:17:58.321,1.34047,1.34062,1.00,1.00
2016.08.16 07:18:00.598,1.34047,1.34062,1.00,1.00
2016.08.16 07:18:00.851,1.34046,1.34063,1.00,1.00
2016.08.16 07:18:00.902,1.34046,1.34064,2.25,1.00
2016.08.16 07:18:00.953,1.34046,1.34064,2.25,1.00
2016.08.16 07:18:01.005,1.34046,1.34064,1.50,1.00
2016.08.16 07:18:01.713,1.34046,1.34064,1.50,1.00
2016.08.16 07:18:01.786,1.34047,1.34064,1.00,1.00
2016.08.16 07:18:02.868,1.34047,1.34064,1.00,1.00
2016.08.16 07:18:03.846,1.34046,1.34064,1.00,1.00
2016.08.16 07:18:04.979,1.34046,1.34064,1.50,1.00
2016.08.16 07:18:05.029,1.34046,1.34064,1.57,1.00
2016.08.16 07:18:05.080,1.34047,1.34064,1.00,1.00
2016.08.16 07:18:05.131,1.34048,1.34066,1.00,1.00
2016.08.16 07:18:05.182,1.34048,1.34066,1.50,1.00
2016.08.16 07:18:05.649,1.34048,1.34066,1.50,1.00
2016.08.16 07:18:07.267,1.34048,1.34066,1.00,1.00
2016.08.16 07:18:08.076,1.34054,1.34066,1.00,1.00
2016.08.16 07:18:08.169,1.34053,1.34072,1.00,1.00
2016.08.16 07:18:08.220,1.34054,1.34074,1.00,1.00
2016.08.16 07:18:08.271,1.34054,1.34074,1.00,1.00
2016.08.16 07:18:08.731,1.34054,1.34074,1.10,1.00
2016.08.16 07:18:09.367,1.34054,1.34074,1.57,1.00
2016.08.16 07:18:09.570,1.34054,1.34074,1.10,1.00
2016.08.16 07:18:09.773,1.34054,1.34074,1.10,1.50
2016.08.16 07:18:09.961,1.34054,1.34074,1.10,1.50
2016.08.16 07:18:10.353,1.34054,1.34074,1.10,1.50
2016.08.16 07:18:11.461,1.34054,1.34074,1.57,1.50
2016.08.16 07:18:12.046,1.34054,1.34074,2.32,1.50
2016.08.16 07:18:13.052,1.34054,1.34074,1.57,1.50
2016.08.16 07:18:13.103,1.34054,1.34074,1.10,2.25
2016.08.16 07:18:13.153,1.34054,1.34074,1.00,2.25
2016.08.16 07:18:13.204,1.34054,1.34074,1.00,2.25
2016.08.16 07:18:13.255,1.34052,1.3407,1.50,1.00
2016.08.16 07:18:13.306,1.34052,1.3407,1.00,1.00
2016.08.16 07:18:13.508,1.34052,1.3407,1.00,1.00
2016.08.16 07:18:14.627,1.34052,1.3407,1.00,1.00
2016.08.16 07:18:14.677,1.34052,1.3407,1.00,1.00
2016.08.16 07:18:15.568,1.34052,1.3407,1.00,1.00
2016.08.16 07:18:15.619,1.34052,1.3407,1.00,1.00
2016.08.16 07:18:15.921,1.3405,1.3407,1.00,1.00
2016.08.16 07:18:16.022,1.3405,1.3407,1.00,1.00
2016.08.16 07:18:16.740,1.3405,1.3407,1.00,1.00
2016.08.16 07:18:17.309,1.3405,1.34069,1.00,1.00
2016.08.16 07:18:18.629,1.3405,1.34069,1.00,1.00
2016.08.16 07:18:19.051,1.3405,1.34069,1.00,1.00
2016.08.16 07:18:19.866,1.34052,1.34069,1.00,1.00
2016.08.16 07:18:19.917,1.34052,1.34069,1.00,1.00
2016.08.16 07:18:19.968,1.34054,1.34069,1.00,1.00
2016.08.16 07:18:21.574,1.34052,1.34072,1.50,1.00
2016.08.16 07:18:21.873,1.3405,1.34068,1.12,1.00
2016.08.16 07:18:21.940,1.34048,1.34066,1.00,1.00
2016.08.16 07:18:22.193,1.34048,1.34066,1.50,1.00
2016.08.16 07:18:22.678,1.34048,1.34066,1.00,1.00
2016.08.16 07:18:23.800,1.34048,1.34066,1.00,1.00
2016.08.16 07:18:24.016,1.34048,1.34066,1.00,1.00
2016.08.16 07:18:24.439,1.34048,1.34066,1.00,1.00
2016.08.16 07:18:25.888,1.34048,1.34064,1.00,1.00
2016.08.16 07:18:27.445,1.34046,1.34064,1.10,1.00
2016.08.16 07:18:27.546,1.34046,1.34064,1.00,1.00
2016.08.16 07:18:28.095,1.34045,1.34064,1.00,1.00
2016.08.16 07:18:29.899,1.34045,1.34064,1.50,1.00
2016.08.16 07:18:30.001,1.34046,1.34064,1.00,1.00
2016.08.16 07:18:30.052,1.34046,1.34064,1.00,1.00
2016.08.16 07:18:31.915,1.34045,1.34064,1.50,1.00
2016.08.16 07:18:33.037,1.34045,1.34064,1.00,1.00
2016.08.16 07:18:33.138,1.34045,1.34064,1.50,1.00
2016.08.16 07:18:33.446,1.34045,1.34064,1.00,1.00
2016.08.16 07:18:33.497,1.34046,1.34064,1.00,1.00
2016.08.16 07:18:38.999,1.34046,1.34064,1.00,1.00
2016.08.16 07:18:39.270,1.34047,1.34064,1.00,1.00
2016.08.16 07:18:41.407,1.34048,1.34064,1.00,1.00
2016.08.16 07:18:41.819,1.34048,1.34065,1.00,1.00
2016.08.16 07:18:43.353,1.34047,1.34065,1.50,1.00
2016.08.16 07:18:43.740,1.34047,1.34065,1.50,1.00
2016.08.16 07:18:44.268,1.34047,1.34065,1.50,1.50
2016.08.16 07:18:44.895,1.34047,1.34065,1.50,1.50
2016.08.16 07:18:44.997,1.34047,1.34064,1.50,1.00
2016.08.16 07:18:46.286,1.34048,1.34064,1.00,1.00
2016.08.16 07:18:47.219,1.34047,1.34064,1.00,1.00
2016.08.16 07:18:50.800,1.34047,1.34064,1.00,1.00
2016.08.16 07:18:50.851,1.34046,1.34064,1.00,1.00
2016.08.16 07:18:50.902,1.34046,1.34064,1.00,1.00
2016.08.16 07:18:51.141,1.34045,1.34064,1.50,1.00
2016.08.16 07:18:52.164,1.34045,1.34064,1.00,1.00
2016.08.16 07:18:57.553,1.34045,1.34064,1.00,1.00
2016.08.16 07:18:58.276,1.34045,1.34064,1.00,1.00
2016.08.16 07:18:58.352,1.34045,1.34064,1.00,1.00
2016.08.16 07:18:58.458,1.34045,1.34064,1.00,1.00
2016.08.16 07:18:59.673,1.34045,1.34063,1.50,1.00
2016.08.16 07:18:59.774,1.34045,1.34063,1.50,1.00
2016.08.16 07:18:59.976,1.34045,1.34063,1.50,1.00
2016.08.16 07:19:00.416,1.34045,1.34063,1.00,1.50
2016.08.16 07:19:00.467,1.34045,1.34063,1.00,1.50
2016.08.16 07:19:00.770,1.34045,1.34063,1.50,1.50
2016.08.16 07:19:01.032,1.34045,1.34062,1.00,1.00
2016.08.16 07:19:01.183,1.34044,1.34062,1.50,1.00
2016.08.16 07:19:01.819,1.34044,1.34062,1.50,1.00
2016.08.16 07:19:01.870,1.34044,1.34062,1.50,1.00
2016.08.16 07:19:01.972,1.34045,1.34062,1.00,1.00
2016.08.16 07:19:02.175,1.34044,1.34062,1.50,1.00
2016.08.16 07:19:02.985,1.34044,1.34062,1.00,1.00
2016.08.16 07:19:03.614,1.34045,1.34063,1.00,1.50
2016.08.16 07:19:05.501,1.34045,1.34063,1.00,1.50
2016.08.16 07:19:06.894,1.34045,1.34063,1.00,1.50
2016.08.16 07:19:07.918,1.34045,1.34063,1.00,1.50
2016.08.16 07:19:08.097,1.34045,1.34063,1.50,1.50
2016.08.16 07:19:10.521,1.34045,1.34063,1.50,1.50
2016.08.16 07:19:10.572,1.34045,1.34063,1.00,1.50
2016.08.16 07:19:15.924,1.34045,1.34063,1.00,1.50
2016.08.16 07:19:16.026,1.34046,1.34063,1.00,1.00
2016.08.16 07:19:20.638,1.34046,1.34063,1.00,1.00
2016.08.16 07:19:23.780,1.34046,1.34063,1.00,1.00
2016.08.16 07:19:25.051,1.34046,1.34063,1.00,1.00
2016.08.16 07:19:25.104,1.34046,1.34063,1.00,1.00
2016.08.16 07:19:25.404,1.34046,1.34063,1.00,1.00
2016.08.16 07:19:25.518,1.34046,1.34063,1.00,1.00
2016.08.16 07:19:25.804,1.34046,1.34063,1.00,1.00
2016.08.16 07:19:25.926,1.34046,1.34063,1.00,1.00
2016.08.16 07:19:30.951,1.34041,1.3406,1.00,1.12
2016.08.16 07:19:31.484,1.34041,1.34058,1.00,1.00
2016.08.16 07:19:32.849,1.34041,1.34058,1.00,1.00
2016.08.16 07:19:32.899,1.3404,1.34058,1.00,1.50
2016.08.16 07:19:32.950,1.3404,1.34058,1.00,1.50
2016.08.16 07:19:33.309,1.3404,1.34058,1.00,1.00
2016.08.16 07:19:33.359,1.3404,1.34058,1.00,1.00
2016.08.16 07:19:34.322,1.3404,1.34058,1.00,1.50
2016.08.16 07:19:36.059,1.3404,1.34058,1.00,2.25
2016.08.16 07:19:36.836,1.3404,1.34058,1.00,1.50
2016.08.16 07:19:36.988,1.34037,1.34057,1.00,1.50
2016.08.16 07:19:37.038,1.34037,1.34057,1.00,2.25
2016.08.16 07:19:37.640,1.34037,1.34056,1.00,1.00
2016.08.16 07:19:38.292,1.34037,1.34054,1.00,1.00
2016.08.16 07:19:42.333,1.34037,1.34054,1.00,1.00
2016.08.16 07:19:43.129,1.34037,1.34054,1.00,1.00
2016.08.16 07:19:44.910,1.34036,1.34054,1.00,1.00
2016.08.16 07:19:48.192,1.34036,1.34054,1.00,1.00
2016.08.16 07:19:48.809,1.34036,1.34054,1.00,1.00
2016.08.16 07:19:51.952,1.34036,1.34054,1.00,1.00
2016.08.16 07:19:53.564,1.34036,1.34054,1.00,1.00
2016.08.16 07:19:53.615,1.34036,1.34056,1.00,1.00
2016.08.16 07:19:53.869,1.34033,1.34053,1.57,1.00
2016.08.16 07:19:53.920,1.34033,1.34053,1.10,1.00
2016.08.16 07:19:54.043,1.34033,1.34053,1.00,1.00
2016.08.16 07:19:54.094,1.34033,1.34053,1.00,1.00
2016.08.16 07:19:54.430,1.3403,1.34049,1.12,1.00
2016.08.16 07:19:54.482,1.34029,1.34049,1.12,1.00
2016.08.16 07:19:54.583,1.34029,1.34049,1.00,1.10
2016.08.16 07:19:56.863,1.34029,1.34049,1.00,1.10
2016.08.16 07:19:57.122,1.34036,1.34049,1.00,1.10
2016.08.16 07:19:57.173,1.34042,1.34062,1.50,1.10
2016.08.16 07:19:57.224,1.34042,1.34062,1.50,1.00
2016.08.16 07:19:57.275,1.34042,1.34062,1.00,1.50
2016.08.16 07:19:58.407,1.34042,1.34062,1.00,1.00
2016.08.16 07:19:59.452,1.34042,1.34062,1.00,1.00
2016.08.16 07:20:00.272,1.34042,1.34062,1.00,1.00
2016.08.16 07:20:01.182,1.34042,1.3406,1.00,1.00
2016.08.16 07:20:01.284,1.34042,1.3406,1.00,1.00
2016.08.16 07:20:01.498,1.34042,1.3406,1.00,1.00
2016.08.16 07:20:01.708,1.34042,1.3406,1.00,1.00
2016.08.16 07:20:01.809,1.34042,1.3406,1.00,1.00
2016.08.16 07:20:02.249,1.34042,1.34057,1.00,1.00
2016.08.16 07:20:02.307,1.3404,1.34056,1.00,1.00
2016.08.16 07:20:02.634,1.34033,1.34052,1.57,1.00
2016.08.16 07:20:02.685,1.34033,1.34052,1.50,1.00
2016.08.16 07:20:02.844,1.34033,1.3405,1.50,1.00
2016.08.16 07:20:02.895,1.34033,1.3405,1.00,1.00
2016.08.16 07:20:02.946,1.34033,1.3405,1.00,1.00
2016.08.16 07:20:02.998,1.34033,1.3405,1.50,1.00
2016.08.16 07:20:03.100,1.34033,1.3405,1.00,1.00
2016.08.16 07:20:03.571,1.34032,1.3405,1.10,1.50
2016.08.16 07:20:03.622,1.34032,1.34049,1.10,1.00
2016.08.16 07:20:03.723,1.34032,1.34048,1.00,1.00
2016.08.16 07:20:03.774,1.34029,1.34047,1.50,1.00
2016.08.16 07:20:03.825,1.34029,1.34045,1.00,1.00
2016.08.16 07:20:03.876,1.34028,1.34045,1.10,1.50
2016.08.16 07:20:03.926,1.34026,1.34045,1.12,1.50
2016.08.16 07:20:03.977,1.34026,1.34043,1.12,1.00
2016.08.16 07:20:04.028,1.34026,1.34043,1.00,1.00
2016.08.16 07:20:04.903,1.34027,1.34045,1.00,1.00
2016.08.16 07:20:05.004,1.34027,1.34045,1.00,1.50
2016.08.16 07:20:05.160,1.34027,1.34045,1.00,1.50
2016.08.16 07:20:05.701,1.34027,1.34047,1.00,1.00
2016.08.16 07:20:05.752,1.34029,1.34047,1.00,1.00
2016.08.16 07:20:06.111,1.34028,1.34047,1.00,1.00
2016.08.16 07:20:06.616,1.34028,1.34046,1.00,1.00
2016.08.16 07:20:06.908,1.34029,1.34046,1.00,1.00
2016.08.16 07:20:06.971,1.34029,1.34046,1.00,1.50
2016.08.16 07:20:07.073,1.34027,1.34044,1.00,1.00
2016.08.16 07:20:07.818,1.34027,1.34044,1.00,1.00
2016.08.16 07:20:08.514,1.34026,1.34044,1.10,1.00
2016.08.16 07:20:12.518,1.34026,1.34044,1.00,1.00
2016.08.16 07:20:12.569,1.34026,1.34044,1.00,1.00
2016.08.16 07:20:12.619,1.34026,1.34044,1.00,1.00
2016.08.16 07:20:12.741,1.34026,1.34044,1.50,1.00
2016.08.16 07:20:12.799,1.34026,1.34044,1.50,1.00
2016.08.16 07:20:12.850,1.34026,1.34044,1.00,1.00
2016.08.16 07:20:12.911,1.34026,1.34044,1.00,1.00
2016.08.16 07:20:13.012,1.34026,1.34044,1.00,1.00
2016.08.16 07:20:13.113,1.34026,1.34044,1.00,1.00
2016.08.16 07:20:13.214,1.34026,1.34044,1.00,1.00
2016.08.16 07:20:13.265,1.34026,1.34044,1.50,1.00
2016.08.16 07:20:13.315,1.34026,1.34044,1.50,1.00
2016.08.16 07:20:13.366,1.34026,1.34044,1.00,1.00
2016.08.16 07:20:13.417,1.34026,1.34044,1.00,1.00
2016.08.16 07:20:13.468,1.34026,1.34044,1.50,1.00
2016.08.16 07:20:13.518,1.34026,1.34044,1.50,1.00
2016.08.16 07:20:14.135,1.34026,1.34044,1.00,1.00
2016.08.16 07:20:14.186,1.34026,1.34044,1.10,1.00
2016.08.16 07:20:14.288,1.34027,1.34045,1.50,1.00
2016.08.16 07:20:14.389,1.34026,1.34044,1.57,1.00
2016.08.16 07:20:14.541,1.34026,1.34044,1.57,1.00
2016.08.16 07:20:14.592,1.34026,1.34044,1.57,1.00
2016.08.16 07:20:14.795,1.34025,1.34045,2.62,1.00
2016.08.16 07:20:15.214,1.34025,1.34045,2.62,1.50
2016.08.16 07:20:16.337,1.34025,1.34045,1.87,1.50
2016.08.16 07:20:16.388,1.34025,1.34044,1.12,1.00
2016.08.16 07:20:16.439,1.34025,1.34044,1.00,1.00
2016.08.16 07:20:16.489,1.34025,1.34042,1.00,1.00
2016.08.16 07:20:16.540,1.34024,1.34042,1.10,1.50
2016.08.16 07:20:16.591,1.34024,1.34042,1.00,1.50
2016.08.16 07:20:16.794,1.34024,1.34041,1.00,1.00
2016.08.16 07:20:17.863,1.34024,1.3404,1.00,1.00
2016.08.16 07:20:18.788,1.34021,1.3404,1.10,1.00
2016.08.16 07:20:19.407,1.34021,1.3404,1.10,1.00
2016.08.16 07:20:19.541,1.34021,1.3404,1.10,1.00
2016.08.16 07:20:21.481,1.34021,1.34041,1.10,2.25
2016.08.16 07:20:21.532,1.34021,1.34041,1.57,2.25
2016.08.16 07:20:21.634,1.34022,1.34041,1.00,2.25
2016.08.16 07:20:22.263,1.34021,1.34041,1.57,2.25
2016.08.16 07:20:24.161,1.34021,1.34041,1.10,2.25
2016.08.16 07:20:25.080,1.34021,1.34041,1.57,2.25
2016.08.16 07:20:25.624,1.34021,1.3404,1.50,1.00
2016.08.16 07:20:25.755,1.34021,1.34041,1.50,2.25
2016.08.16 07:20:28.781,1.34021,1.3404,1.50,1.00
2016.08.16 07:20:29.296,1.34021,1.3404,1.00,1.00
2016.08.16 07:20:31.253,1.3402,1.3404,1.50,1.50
2016.08.16 07:20:32.011,1.3402,1.3404,1.50,2.25
2016.08.16 07:20:32.062,1.3402,1.3404,1.00,2.25
2016.08.16 07:20:32.731,1.3402,1.3404,1.50,1.50
2016.08.16 07:20:33.047,1.34022,1.34039,1.00,1.00
2016.08.16 07:20:33.098,1.34022,1.34039,1.00,1.00
2016.08.16 07:20:33.648,1.34022,1.34039,1.50,1.00
2016.08.16 07:20:34.084,1.34022,1.3404,1.50,1.50
2016.08.16 07:20:34.135,1.34022,1.3404,1.00,1.50
2016.08.16 07:20:35.203,1.34022,1.3404,1.50,1.50
2016.08.16 07:20:35.254,1.34022,1.34039,1.50,1.00
2016.08.16 07:20:35.484,1.34022,1.34039,1.00,1.00
2016.08.16 07:20:35.589,1.34021,1.3404,1.00,1.50
2016.08.16 07:20:36.483,1.34023,1.3404,1.00,1.00
2016.08.16 07:20:37.560,1.3403,1.34041,1.00,1.57
2016.08.16 07:20:37.612,1.3403,1.34046,1.00,1.00
2016.08.16 07:20:37.663,1.34029,1.34047,1.00,1.00
2016.08.16 07:20:37.765,1.34026,1.34044,1.10,1.00
2016.08.16 07:20:37.815,1.34026,1.34044,1.00,1.50
2016.08.16 07:20:37.969,1.34024,1.34042,1.50,1.00
2016.08.16 07:20:38.020,1.34024,1.34042,1.50,1.50
2016.08.16 07:20:38.122,1.34024,1.34042,1.00,1.50
2016.08.16 07:20:38.501,1.34024,1.34041,1.00,1.00
2016.08.16 07:20:39.849,1.34024,1.34042,1.50,1.00
2016.08.16 07:20:39.951,1.3403,1.34042,1.00,1.00
2016.08.16 07:20:40.178,1.34035,1.34042,1.00,1.00
2016.08.16 07:20:40.229,1.34035,1.34052,1.00,1.00
2016.08.16 07:20:40.771,1.34034,1.34053,1.50,1.00
2016.08.16 07:20:41.187,1.34034,1.34052,1.50,1.50
2016.08.16 07:20:41.504,1.34034,1.34052,1.50,1.00
2016.08.16 07:20:42.691,1.34035,1.34052,1.00,1.00
2016.08.16 07:20:43.968,1.34034,1.34052,1.50,1.00
2016.08.16 07:20:45.007,1.34035,1.34052,1.00,1.00
2016.08.16 07:20:45.513,1.34035,1.34053,1.00,1.50
2016.08.16 07:20:45.615,1.34035,1.34052,1.00,1.00
2016.08.16 07:20:46.174,1.34036,1.34052,1.00,1.00
2016.08.16 07:20:46.401,1.34035,1.34052,1.00,1.00
2016.08.16 07:20:47.230,1.34035,1.34053,1.00,1.50
2016.08.16 07:20:47.819,1.34036,1.34053,1.00,1.50
2016.08.16 07:20:48.721,1.34036,1.34053,1.50,1.50
2016.08.16 07:20:49.715,1.34036,1.34053,1.50,1.00
2016.08.16 07:20:49.933,1.34036,1.34053,1.50,1.50
2016.08.16 07:20:54.490,1.34036,1.34053,1.00,1.50
2016.08.16 07:20:54.541,1.34036,1.34053,1.00,1.00
2016.08.16 07:20:56.012,1.34036,1.34053,1.50,1.00
2016.08.16 07:21:00.701,1.34036,1.34053,1.00,1.00
2016.08.16 07:21:00.906,1.34036,1.34053,1.50,1.00
2016.08.16 07:21:01.567,1.34036,1.34053,1.00,1.00
2016.08.16 07:21:01.963,1.34036,1.34053,1.00,1.50
2016.08.16 07:21:02.687,1.34035,1.34053,1.00,1.50
2016.08.16 07:21:02.894,1.34035,1.34053,1.00,1.00
2016.08.16 07:21:02.996,1.34036,1.34053,1.00,1.00
2016.08.16 07:21:03.047,1.34034,1.34053,1.87,1.00
2016.08.16 07:21:03.098,1.34034,1.3405,1.00,1.00
2016.08.16 07:21:05.127,1.34033,1.3405,1.57,1.00
2016.08.16 07:21:05.178,1.34033,1.34051,1.57,1.50
2016.08.16 07:21:06.521,1.34033,1.3405,1.57,1.00
2016.08.16 07:21:08.587,1.34033,1.34051,1.57,1.50
2016.08.16 07:21:08.825,1.34033,1.3405,1.57,1.00
2016.08.16 07:21:13.393,1.34033,1.3405,1.57,1.00
2016.08.16 07:21:16.337,1.34033,1.3405,1.10,1.50
2016.08.16 07:21:17.085,1.34033,1.3405,1.10,1.00
2016.08.16 07:21:17.136,1.34033,1.3405,1.10,1.00
2016.08.16 07:21:17.794,1.34033,1.3405,1.10,1.00
2016.08.16 07:21:17.895,1.34035,1.3405,1.00,1.00
2016.08.16 07:21:18.743,1.34035,1.34052,1.00,1.50
2016.08.16 07:21:19.095,1.34035,1.34052,1.00,1.00
2016.08.16 07:21:20.231,1.34035,1.34052,1.00,1.00
2016.08.16 07:21:20.344,1.34035,1.34052,1.00,1.50
2016.08.16 07:21:20.981,1.34035,1.34052,1.00,1.00
2016.08.16 07:21:21.653,1.34034,1.34052,1.50,1.00
2016.08.16 07:21:21.704,1.34034,1.34052,1.50,1.50
2016.08.16 07:21:23.414,1.34034,1.34052,1.50,1.00
2016.08.16 07:21:24.576,1.34034,1.34052,1.50,1.50
2016.08.16 07:21:24.752,1.34034,1.34052,1.50,1.00
2016.08.16 07:21:26.317,1.34034,1.34052,1.50,1.50
2016.08.16 07:21:27.126,1.34035,1.34052,1.00,1.50
2016.08.16 07:21:27.194,1.34031,1.34047,1.00,1.00
2016.08.16 07:21:27.244,1.34031,1.34047,1.00,1.50
2016.08.16 07:21:27.295,1.34027,1.3404,1.00,1.00
2016.08.16 07:21:27.347,1.34026,1.3404,1.00,1.00
2016.08.16 07:21:27.397,1.34026,1.34037,1.00,1.00
2016.08.16 07:21:27.469,1.34016,1.34034,1.12,1.00
2016.08.16 07:21:27.520,1.34016,1.34033,1.00,1.00
2016.08.16 07:21:27.571,1.34013,1.34031,1.10,1.00
2016.08.16 07:21:27.622,1.34012,1.3403,1.00,1.10
2016.08.16 07:21:27.673,1.34011,1.3403,1.00,1.10
2016.08.16 07:21:27.723,1.34011,1.3403,1.00,1.10
2016.08.16 07:21:27.774,1.34008,1.34027,1.00,1.00
2016.08.16 07:21:27.825,1.34008,1.34027,1.00,1.00
2016.08.16 07:21:28.110,1.34008,1.34023,1.00,1.00
2016.08.16 07:21:28.160,1.34005,1.34025,1.00,1.00
2016.08.16 07:21:28.211,1.34007,1.34025,1.00,1.00
2016.08.16 07:21:28.414,1.34005,1.34025,1.10,1.00
2016.08.16 07:21:28.515,1.34005,1.34026,1.00,2.32
2016.08.16 07:21:28.566,1.34005,1.34022,1.00,1.00
2016.08.16 07:21:29.541,1.34005,1.34022,1.00,1.00
2016.08.16 07:21:29.592,1.34006,1.34022,1.00,1.00
2016.08.16 07:21:29.643,1.34006,1.34022,1.00,1.00
2016.08.16 07:21:29.922,1.34006,1.34022,1.00,1.00
2016.08.16 07:21:29.973,1.34008,1.34026,1.00,1.57
2016.08.16 07:21:30.030,1.34008,1.34026,1.10,1.00
2016.08.16 07:21:30.081,1.3401,1.34028,1.00,1.50
2016.08.16 07:21:30.131,1.3401,1.34028,1.87,1.50
2016.08.16 07:21:30.183,1.34016,1.3403,1.00,1.00
2016.08.16 07:21:30.748,1.34016,1.34031,1.00,1.00
2016.08.16 07:21:30.799,1.34021,1.34034,1.00,1.00
2016.08.16 07:21:30.901,1.34021,1.3404,1.00,1.10
2016.08.16 07:21:30.952,1.34021,1.3404,1.00,1.00
2016.08.16 07:21:31.053,1.34023,1.3404,1.00,1.00
2016.08.16 07:21:31.104,1.34025,1.3404,1.00,1.00
2016.08.16 07:21:31.759,1.34024,1.3404,1.00,1.00
2016.08.16 07:21:31.861,1.34024,1.3404,1.00,1.00
2016.08.16 07:21:31.912,1.34026,1.3404,1.00,1.00
2016.08.16 07:21:31.963,1.34026,1.34041,1.00,1.00
2016.08.16 07:21:32.115,1.34024,1.34041,1.00,1.00
2016.08.16 07:21:33.214,1.34023,1.34041,2.32,1.00
2016.08.16 07:21:34.426,1.34023,1.34041,2.25,1.00
2016.08.16 07:21:34.528,1.34024,1.34041,1.00,1.00
2016.08.16 07:21:35.932,1.34024,1.34039,1.00,1.00
2016.08.16 07:21:36.033,1.34023,1.34039,2.25,1.00
2016.08.16 07:21:36.193,1.34023,1.34039,1.50,1.00
2016.08.16 07:21:36.745,1.34023,1.3404,1.50,1.00
2016.08.16 07:21:42.829,1.34023,1.3404,2.25,1.00
2016.08.16 07:21:43.449,1.34024,1.3404,1.00,1.00
2016.08.16 07:21:43.965,1.34025,1.34039,1.00,1.00
2016.08.16 07:21:47.701,1.34025,1.3404,1.00,1.00
2016.08.16 07:21:48.834,1.34024,1.3404,1.00,1.00
2016.08.16 07:21:48.885,1.34023,1.3404,1.50,1.00
2016.08.16 07:21:51.113,1.34023,1.34041,1.50,1.50
2016.08.16 07:21:52.391,1.34023,1.34041,1.00,1.50
2016.08.16 07:21:52.442,1.34025,1.34041,1.00,1.00
2016.08.16 07:21:53.019,1.34024,1.34041,1.50,1.00
2016.08.16 07:21:53.241,1.34024,1.34041,1.00,1.00
2016.08.16 07:21:58.086,1.34024,1.34043,1.00,1.00
2016.08.16 07:22:00.146,1.34024,1.34043,1.50,1.00
2016.08.16 07:22:00.348,1.34025,1.34043,1.00,1.00
2016.08.16 07:22:00.626,1.34027,1.34043,1.00,1.00
2016.08.16 07:22:00.677,1.34026,1.34043,1.00,1.00
2016.08.16 07:22:02.552,1.34025,1.34043,1.10,1.00
2016.08.16 07:22:04.507,1.34025,1.34042,1.10,1.00
2016.08.16 07:22:04.609,1.34025,1.34044,1.10,1.00
2016.08.16 07:22:04.998,1.34025,1.34044,1.10,1.50
2016.08.16 07:22:05.654,1.34024,1.34044,1.87,1.50
2016.08.16 07:22:05.956,1.34024,1.34044,1.57,1.50
2016.08.16 07:22:07.575,1.34025,1.34044,1.00,1.50
2016.08.16 07:22:09.782,1.34027,1.34044,1.00,1.50
2016.08.16 07:22:11.065,1.34027,1.34044,1.00,1.00
2016.08.16 07:22:11.280,1.34027,1.34045,1.50,2.25
2016.08.16 07:22:11.331,1.34027,1.34045,1.50,1.57
2016.08.16 07:22:11.382,1.34027,1.34043,1.00,1.00
2016.08.16 07:22:11.433,1.34027,1.34043,1.00,1.50
2016.08.16 07:22:11.484,1.34027,1.3404,1.00,1.00
2016.08.16 07:22:11.807,1.34027,1.3404,1.00,1.00
2016.08.16 07:22:13.463,1.3402,1.3404,1.10,1.00
2016.08.16 07:22:13.513,1.34022,1.3404,1.00,1.00
2016.08.16 07:22:13.925,1.34021,1.3404,1.00,1.00
2016.08.16 07:22:14.321,1.34022,1.3404,1.00,1.00
2016.08.16 07:22:14.422,1.3402,1.3404,1.57,1.00
2016.08.16 07:22:14.524,1.3402,1.3404,1.10,1.00
2016.08.16 07:22:15.667,1.34023,1.3404,1.00,1.00
2016.08.16 07:22:16.353,1.34022,1.3404,1.00,1.00
2016.08.16 07:22:18.152,1.34023,1.3404,1.00,1.00
2016.08.16 07:22:18.692,1.34022,1.3404,1.00,1.00
2016.08.16 07:22:19.961,1.34021,1.3404,1.00,1.00
2016.08.16 07:22:20.283,1.34022,1.34044,1.00,3.00
2016.08.16 07:22:20.334,1.34024,1.34044,1.00,2.25
2016.08.16 07:22:20.384,1.34024,1.34044,1.50,2.25
2016.08.16 07:22:20.435,1.34024,1.34044,1.50,1.50
2016.08.16 07:22:20.857,1.34026,1.34044,1.00,1.00
2016.08.16 07:22:21.614,1.34027,1.34045,1.00,2.62
2016.08.16 07:22:21.852,1.34027,1.34045,1.00,1.50
2016.08.16 07:22:28.860,1.34027,1.34045,1.50,1.50
2016.08.16 07:22:29.208,1.34027,1.34043,1.00,1.00
2016.08.16 07:22:30.026,1.34026,1.34043,1.00,1.00
2016.08.16 07:22:30.380,1.34027,1.34045,1.00,1.00
2016.08.16 07:22:30.979,1.34026,1.34045,1.50,1.00
2016.08.16 07:22:31.030,1.34026,1.34043,1.00,1.00
2016.08.16 07:22:31.080,1.34025,1.34043,1.50,1.00
2016.08.16 07:22:31.483,1.34025,1.34042,1.00,1.00
2016.08.16 07:22:32.146,1.34024,1.34042,1.57,1.00
2016.08.16 07:22:37.296,1.34024,1.34042,1.50,1.00
2016.08.16 07:22:38.266,1.34026,1.34042,1.00,1.00
2016.08.16 07:22:43.990,1.34024,1.34042,1.50,1.00
2016.08.16 07:22:48.582,1.34026,1.34042,1.00,1.00
2016.08.16 07:22:52.307,1.34027,1.34042,1.00,1.00
2016.08.16 07:22:53.313,1.34025,1.34042,1.00,1.00
2016.08.16 07:22:53.979,1.34025,1.34042,1.10,1.00
2016.08.16 07:22:54.182,1.34026,1.34042,1.00,1.00
2016.08.16 07:22:54.233,1.34026,1.34042,1.00,1.00
2016.08.16 07:22:54.283,1.34024,1.34042,1.87,1.00
2016.08.16 07:22:54.385,1.34024,1.34042,1.12,1.00
2016.08.16 07:22:54.435,1.34024,1.34042,1.00,1.00
2016.08.16 07:22:55.398,1.34023,1.34041,1.00,1.00
2016.08.16 07:22:55.976,1.34022,1.34041,1.50,1.00
2016.08.16 07:22:56.366,1.34023,1.34041,1.00,1.00
2016.08.16 07:22:57.567,1.34022,1.34041,1.00,1.00
2016.08.16 07:22:57.618,1.34021,1.34041,1.10,1.00
2016.08.16 07:22:57.720,1.34021,1.34041,1.00,1.10
2016.08.16 07:22:57.922,1.34021,1.34041,1.50,1.10
2016.08.16 07:22:58.077,1.34025,1.34041,1.00,1.10
2016.08.16 07:22:58.178,1.34025,1.34042,1.00,1.00
2016.08.16 07:22:58.229,1.34025,1.34042,1.00,1.00
2016.08.16 07:22:59.110,1.34025,1.34045,1.20,1.00
2016.08.16 07:22:59.477,1.34025,1.34045,1.95,1.00
2016.08.16 07:22:59.882,1.34025,1.34045,1.95,1.00
2016.08.16 07:23:00.306,1.34025,1.34045,1.95,1.00
2016.08.16 07:23:00.358,1.34025,1.34045,1.57,1.00
2016.08.16 07:23:00.529,1.34025,1.34045,1.95,1.00
2016.08.16 07:23:01.190,1.34025,1.34045,1.95,1.00
2016.08.16 07:23:01.524,1.34027,1.34045,1.00,1.00
2016.08.16 07:23:02.158,1.34027,1.34045,1.10,1.00
2016.08.16 07:23:04.761,1.34027,1.34045,1.10,1.00
2016.08.16 07:23:04.811,1.34032,1.34047,1.00,1.00
2016.08.16 07:23:08.529,1.34032,1.34047,1.00,1.20
2016.08.16 07:23:09.284,1.34032,1.34047,1.00,1.00
2016.08.16 07:23:09.385,1.34032,1.34047,1.00,1.20
2016.08.16 07:23:10.699,1.34032,1.34047,1.00,1.00
2016.08.16 07:23:13.501,1.34032,1.34046,1.00,1.00
2016.08.16 07:23:13.841,1.34032,1.34047,1.00,1.20
2016.08.16 07:23:15.657,1.34033,1.3405,1.00,2.70
2016.08.16 07:23:15.708,1.34033,1.3405,1.00,1.95
2016.08.16 07:23:15.759,1.34046,1.34053,1.00,1.45
2016.08.16 07:23:15.810,1.34046,1.34056,1.00,1.00
2016.08.16 07:23:15.860,1.34048,1.34056,1.00,1.00
2016.08.16 07:23:16.013,1.34048,1.34063,1.00,1.00
2016.08.16 07:23:16.165,1.34048,1.34063,1.00,1.00
2016.08.16 07:23:16.267,1.3405,1.34065,1.00,1.00
2016.08.16 07:23:16.528,1.3405,1.34066,1.00,1.50
2016.08.16 07:23:17.069,1.34053,1.34066,1.00,1.00
2016.08.16 07:23:19.420,1.34053,1.34069,1.00,2.32
2016.08.16 07:23:19.470,1.34053,1.34069,1.00,2.32
2016.08.16 07:23:19.521,1.34053,1.34069,1.00,1.57
2016.08.16 07:23:19.572,1.34054,1.34069,1.00,1.10
2016.08.16 07:23:19.622,1.34054,1.3407,1.00,1.12
2016.08.16 07:23:20.325,1.34054,1.3407,1.00,1.12
2016.08.16 07:23:20.423,1.34056,1.3407,1.00,1.10
2016.08.16 07:23:20.524,1.34056,1.3407,1.00,1.00
2016.08.16 07:23:21.384,1.34057,1.34072,1.00,1.00
2016.08.16 07:23:21.861,1.34059,1.34074,1.00,1.10
2016.08.16 07:23:21.912,1.34059,1.34074,1.00,1.00
2016.08.16 07:23:23.972,1.34062,1.34075,1.00,1.00
2016.08.16 07:23:24.201,1.34062,1.34076,1.00,1.50
2016.08.16 07:23:24.303,1.34061,1.34076,1.00,1.00
2016.08.16 07:23:32.941,1.34061,1.34076,1.00,1.50
2016.08.16 07:23:32.991,1.34059,1.34074,1.00,1.00
2016.08.16 07:23:33.145,1.34058,1.34073,1.00,1.50
2016.08.16 07:23:33.986,1.34058,1.34072,1.00,1.00
2016.08.16 07:23:34.087,1.34058,1.34072,1.00,1.50
2016.08.16 07:23:37.009,1.34058,1.34072,1.00,1.00
2016.08.16 07:23:38.947,1.34058,1.34072,1.00,1.50
2016.08.16 07:23:42.551,1.34058,1.34072,1.00,1.00
2016.08.16 07:23:42.927,1.34058,1.34071,1.00,1.00
2016.08.16 07:23:42.978,1.34058,1.34071,1.00,1.00
2016.08.16 07:23:45.242,1.34056,1.3407,1.00,1.50
2016.08.16 07:23:45.293,1.34056,1.3407,1.00,1.00
2016.08.16 07:23:45.399,1.34056,1.3407,1.00,1.50
2016.08.16 07:23:46.402,1.34056,1.3407,1.00,2.25
2016.08.16 07:23:46.504,1.34056,1.34068,1.00,1.00
2016.08.16 07:23:47.008,1.34055,1.34068,1.00,1.00
2016.08.16 07:23:47.599,1.34055,1.34069,1.00,1.00
2016.08.16 07:23:47.983,1.34055,1.34069,1.00,1.50
2016.08.16 07:23:48.337,1.34055,1.34069,1.00,1.00
2016.08.16 07:23:53.972,1.34055,1.34069,1.00,1.50
2016.08.16 07:23:54.642,1.34055,1.34069,1.00,1.00
2016.08.16 07:24:03.991,1.34054,1.34071,1.00,2.25
2016.08.16 07:24:06.331,1.34054,1.34071,1.00,1.50
2016.08.16 07:24:07.159,1.34054,1.34071,1.00,1.00
2016.08.16 07:24:08.213,1.34054,1.34071,1.00,1.00
2016.08.16 07:24:08.983,1.34058,1.34072,1.00,1.00
2016.08.16 07:24:09.034,1.34061,1.34078,1.00,1.50
2016.08.16 07:24:09.135,1.34064,1.34078,1.00,1.00
2016.08.16 07:24:09.237,1.34062,1.34077,1.00,1.00
2016.08.16 07:24:15.668,1.34062,1.34077,1.00,1.50
2016.08.16 07:24:15.719,1.3406,1.34074,1.00,1.00
2016.08.16 07:24:15.769,1.3406,1.34074,1.00,1.50
2016.08.16 07:24:15.871,1.3406,1.34074,1.00,1.50
2016.08.16 07:24:16.822,1.34057,1.34074,1.00,1.50
2016.08.16 07:24:16.878,1.34057,1.34074,1.00,2.25
2016.08.16 07:24:18.479,1.34057,1.34074,1.00,1.50
2016.08.16 07:24:18.630,1.34057,1.34074,1.00,1.00
2016.08.16 07:24:18.681,1.34057,1.34074,1.00,1.00
2016.08.16 07:24:18.971,1.34062,1.34076,1.00,1.10
2016.08.16 07:24:19.022,1.34062,1.34077,1.00,1.12
2016.08.16 07:24:22.406,1.34062,1.34077,1.00,1.00
2016.08.16 07:24:27.312,1.34062,1.34076,1.00,1.00
2016.08.16 07:24:31.438,1.34062,1.34077,1.00,1.00
2016.08.16 07:24:31.539,1.34062,1.34078,1.00,1.10
2016.08.16 07:24:31.590,1.34062,1.34078,1.00,1.00
2016.08.16 07:24:31.640,1.34064,1.34078,1.00,1.00
2016.08.16 07:24:31.742,1.34066,1.34081,1.00,1.50
2016.08.16 07:24:31.792,1.34066,1.34081,1.00,1.50
2016.08.16 07:24:31.894,1.34065,1.3408,1.00,1.50
2016.08.16 07:24:32.245,1.34065,1.34077,1.00,1.00
2016.08.16 07:24:32.767,1.34065,1.34076,1.00,1.00
2016.08.16 07:24:34.031,1.34062,1.34076,1.00,1.00
2016.08.16 07:24:35.881,1.34062,1.34078,1.00,1.00
