2018.01.08 04:00:10.863,1.32894,1.32909,1.00,1.95
2018.01.08 04:00:11.017,1.3289,1.32905,1.50,1.10
2018.01.08 04:00:11.560,1.32895,1.32906,1.00,2.14
2018.01.08 04:00:11.612,1.32893,1.32906,1.00,1.95
2018.01.08 04:00:12.184,1.32892,1.32906,1.00,2.14
2018.01.08 04:00:18.447,1.32892,1.32906,1.00,1.00
2018.01.08 04:00:18.965,1.32892,1.32905,1.00,1.25
2018.01.08 04:00:29.017,1.32888,1.32905,1.76,3.00
2018.01.08 04:00:30.699,1.32888,1.32903,2.14,1.00
2018.01.08 04:00:46.695,1.32886,1.32901,1.47,1.00
2018.01.08 04:00:46.798,1.32883,1.329,2.70,1.87
2018.01.08 04:00:46.849,1.32882,1.32898,1.45,1.00
2018.01.08 04:00:47.104,1.32887,1.32902,1.10,1.87
2018.01.08 04:01:00.444,1.32884,1.329,1.45,1.50
2018.01.08 04:01:01.114,1.32883,1.32899,2.32,1.00
2018.01.08 04:01:01.979,1.32885,1.329,1.20,1.00
2018.01.08 04:01:04.053,1.32884,1.32899,1.45,1.00
2018.01.08 04:01:07.554,1.32884,1.329,1.57,1.00
2018.01.08 04:01:07.842,1.32882,1.32899,1.07,1.31
2018.01.08 04:01:07.893,1.32882,1.32899,1.07,1.75
2018.01.08 04:01:08.723,1.32882,1.32899,2.85,1.50
2018.01.08 04:01:11.450,1.32882,1.32899,3.45,1.50
2018.01.08 04:01:14.554,1.32882,1.32898,2.25,1.07
2018.01.08 04:01:14.657,1.32879,1.32891,1.50,1.00
2018.01.08 04:01:14.708,1.32877,1.3289,1.50,1.00
2018.01.08 04:01:14.958,1.32875,1.32891,1.39,2.32
2018.01.08 04:01:15.009,1.32873,1.32888,1.76,1.00
2018.01.08 04:01:15.112,1.32873,1.32887,1.10,1.00
2018.01.08 04:01:15.215,1.32873,1.32889,1.00,1.10
2018.01.08 04:01:15.473,1.32879,1.3289,1.05,2.32
2018.01.08 04:01:15.524,1.32877,1.32893,1.00,1.45
2018.01.08 04:01:15.576,1.32877,1.32893,1.07,3.00
2018.01.08 04:01:15.678,1.32876,1.32892,1.57,1.12
2018.01.08 04:01:16.086,1.32874,1.32891,1.12,2.51
2018.01.08 04:01:16.137,1.32872,1.32889,1.10,1.07
2018.01.08 04:01:16.443,1.32877,1.32888,1.00,1.00
2018.01.08 04:01:16.596,1.32877,1.3289,1.00,1.10
2018.01.08 04:01:17.107,1.32877,1.3289,1.00,1.07
2018.01.08 04:01:17.719,1.32872,1.3289,1.57,1.57
2018.01.08 04:01:17.770,1.32877,1.3289,1.00,1.57
2018.01.08 04:01:17.821,1.32872,1.32888,1.10,1.00
2018.01.08 04:01:17.924,1.32877,1.3289,1.00,2.32
2018.01.08 04:01:17.975,1.3287,1.32887,4.01,1.00
2018.01.08 04:01:18.295,1.32872,1.32888,1.45,1.50
2018.01.08 04:01:18.912,1.32872,1.32888,1.95,1.00
2018.01.08 04:01:19.453,1.32873,1.32889,1.45,1.00
2018.01.08 04:01:21.518,1.32872,1.32889,1.45,1.00
2018.01.08 04:01:25.823,1.32872,1.32889,1.95,1.25
2018.01.08 04:01:27.127,1.32873,1.32888,1.45,1.00
2018.01.08 04:01:27.178,1.32872,1.32888,1.00,1.10
2018.01.08 04:01:27.230,1.32869,1.32883,1.00,1.95
2018.01.08 04:01:27.333,1.32863,1.3288,2.51,1.10
2018.01.08 04:01:27.384,1.32861,1.32878,1.57,1.12
2018.01.08 04:01:27.691,1.32869,1.32883,1.00,1.10
2018.01.08 04:01:27.998,1.32872,1.32885,1.82,1.00
2018.01.08 04:01:28.102,1.32872,1.32889,2.70,1.00
2018.01.08 04:01:28.408,1.3288,1.32889,1.45,1.00
2018.01.08 04:01:28.460,1.3288,1.32894,1.45,1.00
2018.01.08 04:01:28.964,1.3288,1.32893,1.45,1.00
2018.01.08 04:01:30.314,1.3288,1.32892,1.45,1.00
2018.01.08 04:01:30.366,1.3288,1.32895,1.57,1.00
2018.01.08 04:01:30.621,1.32882,1.32899,1.57,1.12
2018.01.08 04:01:30.723,1.32882,1.329,1.20,1.57
2018.01.08 04:01:35.272,1.32883,1.329,1.00,1.95
2018.01.08 04:01:36.565,1.32883,1.329,1.57,2.62
2018.01.08 04:01:37.074,1.32883,1.329,1.57,3.37
2018.01.08 04:01:37.380,1.32883,1.329,3.07,1.50
2018.01.08 04:01:37.685,1.32887,1.32902,1.20,1.12
2018.01.08 04:01:41.346,1.32884,1.32901,3.07,1.00
2018.01.08 04:01:41.397,1.32884,1.32901,1.20,1.95
2018.01.08 04:01:42.114,1.32884,1.32901,1.20,1.75
2018.01.08 04:01:49.865,1.32884,1.32901,1.20,2.32
2018.01.08 04:01:49.916,1.32885,1.32901,1.01,1.10
2018.01.08 04:01:50.825,1.32885,1.32901,1.76,1.50
2018.01.08 04:02:00.023,1.32888,1.32901,1.00,1.00
2018.01.08 04:02:02.444,1.32888,1.32901,1.00,2.25
2018.01.08 04:02:13.315,1.32888,1.32901,1.00,1.00
2018.01.08 04:02:21.684,1.32888,1.32902,1.12,1.00
2018.01.08 04:02:29.682,1.32888,1.32904,2.14,1.10
2018.01.08 04:02:30.260,1.32889,1.32906,2.25,1.95
2018.01.08 04:02:30.427,1.3289,1.32906,1.50,1.57
2018.01.08 04:02:30.580,1.3289,1.32906,1.31,1.95
2018.01.08 04:02:31.145,1.32888,1.32904,1.01,1.00
2018.01.08 04:02:31.702,1.32891,1.32904,1.00,1.00
2018.01.08 04:02:32.318,1.32892,1.32904,1.00,1.00
2018.01.08 04:02:40.425,1.32888,1.32904,1.20,1.00
2018.01.08 04:02:42.100,1.32888,1.32903,1.95,1.00
2018.01.08 04:02:44.542,1.32888,1.32903,1.10,2.44
2018.01.08 04:02:45.348,1.32888,1.32903,1.00,1.39
2018.01.08 04:02:45.879,1.32888,1.32902,1.00,1.00
2018.01.08 04:02:46.483,1.32888,1.32903,1.00,2.32
2018.01.08 04:02:47.076,1.32888,1.32902,1.00,1.00
2018.01.08 04:03:03.291,1.32888,1.32902,1.00,1.57
2018.01.08 04:03:03.821,1.32888,1.32902,1.00,1.39
2018.01.08 04:03:04.465,1.32888,1.32902,1.00,1.57
2018.01.08 04:03:05.248,1.32888,1.32901,1.00,1.87
2018.01.08 04:03:42.156,1.32884,1.32902,1.57,3.07
2018.01.08 04:03:52.265,1.32885,1.32902,1.01,1.69
2018.01.08 04:03:52.794,1.32886,1.32902,1.01,1.20
2018.01.08 04:03:59.657,1.32886,1.32903,1.01,3.37
2018.01.08 04:03:59.980,1.3289,1.32906,1.81,1.87
2018.01.08 04:04:00.645,1.3289,1.32906,1.95,1.87
2018.01.08 04:04:01.719,1.32893,1.32907,1.00,1.50
2018.01.08 04:04:10.315,1.32894,1.32907,1.31,1.00
2018.01.08 04:04:10.571,1.32894,1.32911,2.00,3.45
2018.01.08 04:04:11.975,1.32895,1.32911,1.76,2.62
2018.01.08 04:04:12.501,1.32896,1.32912,1.87,1.12
2018.01.08 04:04:14.027,1.32898,1.32913,1.20,2.62
2018.01.08 04:04:15.949,1.32899,1.32915,2.06,1.07
2018.01.08 04:04:16.000,1.32901,1.32918,1.37,2.70
2018.01.08 04:04:16.103,1.32901,1.32918,2.32,1.50
2018.01.08 04:04:16.632,1.32901,1.32918,1.85,1.50
2018.01.08 04:04:40.265,1.32901,1.32918,1.95,1.57
2018.01.08 04:04:46.252,1.32902,1.32918,1.57,1.10
2018.01.08 04:04:49.064,1.32902,1.32919,1.20,1.95
2018.01.08 04:04:59.819,1.32902,1.32918,1.57,1.10
2018.01.08 04:05:11.031,1.32902,1.32917,1.95,1.00
2018.01.08 04:05:16.423,1.32902,1.32918,1.10,1.95
2018.01.08 04:05:18.164,1.32902,1.32918,1.20,1.20
2018.01.08 04:05:35.760,1.32902,1.32918,1.01,1.95
2018.01.08 04:05:36.281,1.32902,1.32917,1.44,1.00
2018.01.08 04:05:53.047,1.32902,1.32918,1.44,1.12
2018.01.08 04:06:19.374,1.329,1.32918,1.87,1.12
2018.01.08 04:06:19.585,1.329,1.32919,2.62,3.56
2018.01.08 04:06:20.174,1.329,1.32919,2.62,3.56
2018.01.08 04:06:42.940,1.329,1.32919,1.87,3.00
2018.01.08 04:06:46.700,1.329,1.32919,2.25,3.56
2018.01.08 04:07:13.437,1.32901,1.32919,1.51,2.89
2018.01.08 04:07:13.490,1.32901,1.32917,1.31,2.25
2018.01.08 04:07:30.844,1.32901,1.32917,1.20,2.25
2018.01.08 04:07:31.375,1.32901,1.32917,1.57,2.25
2018.01.08 04:07:42.591,1.32901,1.32917,1.57,3.00
2018.01.08 04:07:46.931,1.32901,1.32917,1.57,1.50
2018.01.08 04:07:48.085,1.32901,1.32918,1.57,1.12
2018.01.08 04:07:50.176,1.32901,1.32918,2.32,1.12
2018.01.08 04:07:58.817,1.32901,1.32917,1.39,1.00
2018.01.08 04:08:00.135,1.329,1.32918,3.45,1.87
2018.01.08 04:08:12.847,1.329,1.32918,1.95,2.62
2018.01.08 04:08:13.334,1.329,1.32916,2.32,1.87
2018.01.08 04:08:15.471,1.32899,1.32915,2.14,1.00
2018.01.08 04:08:17.345,1.32899,1.32916,1.95,1.12
2018.01.08 04:08:27.567,1.32899,1.32915,2.14,1.50
2018.01.08 04:08:34.761,1.329,1.32916,1.20,1.12
2018.01.08 04:08:35.701,1.329,1.32916,1.95,1.12
2018.01.08 04:08:36.233,1.329,1.32916,1.76,1.12
2018.01.08 04:08:44.018,1.329,1.32915,1.20,1.00
2018.01.08 04:08:46.336,1.32912,1.32917,1.07,1.00
2018.01.08 04:08:46.439,1.32918,1.3293,1.50,1.00
2018.01.08 04:08:46.542,1.32919,1.32936,1.45,2.89
2018.01.08 04:08:46.593,1.32918,1.32933,1.20,1.25
2018.01.08 04:08:46.900,1.32915,1.32931,1.45,2.06
2018.01.08 04:08:47.205,1.32913,1.32919,1.57,1.00
2018.01.08 04:08:48.389,1.32912,1.32919,2.32,1.00
2018.01.08 04:08:48.749,1.32912,1.32929,2.32,1.25
2018.01.08 04:08:49.653,1.32912,1.32928,2.32,1.00
2018.01.08 04:08:50.491,1.32912,1.32928,1.95,1.00
2018.01.08 04:08:56.537,1.32914,1.32928,1.12,1.00
2018.01.08 04:08:56.792,1.32915,1.32931,1.12,1.10
2018.01.08 04:08:56.972,1.32916,1.32932,1.82,1.25
2018.01.08 04:08:57.343,1.32917,1.32933,1.95,1.50
2018.01.08 04:08:57.991,1.32917,1.32933,1.20,1.00
2018.01.08 04:09:01.538,1.32918,1.32933,1.45,1.50
2018.01.08 04:09:12.148,1.32919,1.32934,1.01,1.00
2018.01.08 04:09:12.200,1.32919,1.32934,1.82,1.00
2018.01.08 04:09:13.334,1.32919,1.32936,1.82,1.12
2018.01.08 04:09:14.377,1.32922,1.32936,1.00,1.12
2018.01.08 04:09:49.694,1.32923,1.32937,1.25,1.50
2018.01.08 04:09:50.502,1.32922,1.32937,1.00,1.00
2018.01.08 04:09:52.113,1.32922,1.32937,1.44,1.00
2018.01.08 04:09:52.794,1.32922,1.32937,1.25,1.00
2018.01.08 04:10:06.472,1.32921,1.32937,2.06,1.00
2018.01.08 04:10:06.524,1.32921,1.32936,1.10,1.50
2018.01.08 04:10:07.065,1.3292,1.32936,1.10,2.32
2018.01.08 04:10:18.644,1.32921,1.32935,1.00,1.00
2018.01.08 04:10:19.472,1.32921,1.32935,1.44,1.00
2018.01.08 04:10:20.164,1.32921,1.32937,1.00,1.20
2018.01.08 04:10:20.673,1.32921,1.32937,1.10,1.20
2018.01.08 04:10:21.006,1.32923,1.32937,1.00,1.20
2018.01.08 04:10:21.865,1.32922,1.32936,1.25,1.00
2018.01.08 04:10:30.702,1.32922,1.32938,1.00,1.95
2018.01.08 04:10:31.930,1.32922,1.32938,1.44,1.95
2018.01.08 04:10:35.507,1.32922,1.32938,1.25,1.95
2018.01.08 04:10:36.040,1.32922,1.32938,1.44,1.95
2018.01.08 04:10:42.148,1.32922,1.32938,1.01,1.95
2018.01.08 04:10:43.310,1.32922,1.32938,1.87,1.87
2018.01.08 04:10:49.986,1.32923,1.32938,1.12,1.95
2018.01.08 04:10:59.339,1.32924,1.32939,1.25,1.95
2018.01.08 04:10:59.391,1.32926,1.32939,1.25,1.00
2018.01.08 04:10:59.493,1.32926,1.32943,1.20,1.95
2018.01.08 04:11:04.908,1.32926,1.32943,1.20,2.70
2018.01.08 04:11:05.455,1.32927,1.32943,1.01,1.95
2018.01.08 04:11:06.099,1.32927,1.32943,1.87,2.25
2018.01.08 04:11:06.646,1.32927,1.32943,1.69,1.12
2018.01.08 04:11:19.689,1.32927,1.32943,2.32,1.00
2018.01.08 04:11:19.996,1.32934,1.32943,1.12,1.00
2018.01.08 04:11:20.048,1.32934,1.32949,1.20,1.12
2018.01.08 04:11:22.766,1.32938,1.32949,1.20,1.12
2018.01.08 04:11:24.352,1.32939,1.3295,1.20,1.50
2018.01.08 04:11:24.865,1.32938,1.32952,1.20,3.00
2018.01.08 04:11:26.345,1.32939,1.32952,1.20,2.00
2018.01.08 04:11:40.253,1.32938,1.32953,1.20,3.19
2018.01.08 04:11:56.027,1.32937,1.32949,1.20,1.31
2018.01.08 04:11:57.190,1.32938,1.32949,1.20,1.88
2018.01.08 04:11:57.242,1.32932,1.32945,1.57,1.12
2018.01.08 04:11:57.344,1.32931,1.32944,1.20,1.50
2018.01.08 04:11:57.651,1.32927,1.32939,1.20,1.50
2018.01.08 04:11:57.825,1.32924,1.32939,1.20,3.19
2018.01.08 04:11:57.877,1.32922,1.32936,1.20,1.87
2018.01.08 04:11:58.187,1.32923,1.32934,1.20,1.12
2018.01.08 04:11:58.876,1.32922,1.32934,1.20,1.12
2018.01.08 04:11:59.389,1.3292,1.32934,1.20,1.87
2018.01.08 04:11:59.929,1.32921,1.32933,1.20,1.00
2018.01.08 04:12:01.797,1.32921,1.32933,1.39,1.00
2018.01.08 04:12:01.848,1.32925,1.32938,1.45,1.00
2018.01.08 04:12:01.950,1.32927,1.32938,1.20,1.00
2018.01.08 04:12:02.504,1.32927,1.3294,1.20,2.25
2018.01.08 04:12:09.511,1.32927,1.3294,1.20,1.12
2018.01.08 04:12:11.603,1.32928,1.3294,1.45,1.00
2018.01.08 04:12:11.801,1.32929,1.32942,1.45,1.00
2018.01.08 04:12:11.852,1.32928,1.32944,1.12,1.00
2018.01.08 04:12:11.956,1.3293,1.32944,1.25,1.00
2018.01.08 04:12:12.491,1.3293,1.32945,1.76,1.12
2018.01.08 04:12:13.244,1.32932,1.32945,1.00,1.12
2018.01.08 04:12:13.763,1.32931,1.32945,1.00,1.12
2018.01.08 04:12:26.608,1.32932,1.32946,1.00,1.50
2018.01.08 04:12:31.906,1.32932,1.32946,1.00,1.12
2018.01.08 04:12:48.256,1.32931,1.32946,1.10,1.12
2018.01.08 04:12:54.246,1.32928,1.32946,2.70,1.50
2018.01.08 04:12:55.101,1.32928,1.32945,1.07,2.25
2018.01.08 04:12:58.631,1.32927,1.32943,1.45,1.50
2018.01.08 04:12:58.733,1.32926,1.32943,3.45,1.69
2018.01.08 04:13:32.804,1.32926,1.32942,1.95,1.27
2018.01.08 04:13:38.441,1.32927,1.32942,1.20,1.12
2018.01.08 04:14:25.060,1.32927,1.32942,1.20,2.25
2018.01.08 04:14:28.550,1.32927,1.32942,1.20,1.87
2018.01.08 04:14:38.732,1.32926,1.32942,1.50,1.87
2018.01.08 04:14:52.370,1.32928,1.32942,1.00,1.87
2018.01.08 04:14:53.326,1.32927,1.32942,1.00,1.87
2018.01.08 04:15:18.660,1.32925,1.32942,1.20,1.50
2018.01.08 04:15:24.194,1.32925,1.32942,1.20,1.87
2018.01.08 04:15:24.868,1.32925,1.32942,1.20,2.25
2018.01.08 04:15:27.117,1.32925,1.32942,1.20,2.06
2018.01.08 04:15:27.981,1.32925,1.32942,1.20,2.25
2018.01.08 04:15:34.167,1.32925,1.32942,1.95,2.44
2018.01.08 04:15:37.361,1.32926,1.32942,1.00,1.87
2018.01.08 04:15:37.668,1.32922,1.32939,1.20,1.58
2018.01.08 04:15:37.976,1.32918,1.32935,1.20,1.50
2018.01.08 04:15:38.972,1.32918,1.32933,1.39,1.00
2018.01.08 04:15:40.140,1.32918,1.32934,1.39,1.50
2018.01.08 04:15:42.840,1.32922,1.32934,1.00,1.00
2018.01.08 04:15:43.132,1.32925,1.32939,1.00,2.25
2018.01.08 04:15:45.044,1.32925,1.32941,1.00,3.37
2018.01.08 04:16:02.300,1.32925,1.32941,2.32,1.87
2018.01.08 04:16:04.002,1.32928,1.32941,1.00,1.95
2018.01.08 04:16:05.439,1.32924,1.3294,1.82,1.00
2018.01.08 04:16:05.541,1.32923,1.32939,1.12,1.37
2018.01.08 04:16:05.746,1.3292,1.32936,1.50,1.69
2018.01.08 04:16:06.052,1.32919,1.32934,1.69,1.00
2018.01.08 04:16:07.020,1.32919,1.32934,1.00,1.69
2018.01.08 04:16:08.215,1.32919,1.32933,1.00,1.00
2018.01.08 04:16:25.107,1.32918,1.32932,1.87,1.00
2018.01.08 04:16:29.176,1.32918,1.32932,2.81,1.00
2018.01.08 04:16:44.662,1.32918,1.32932,2.14,1.00
2018.01.08 04:17:02.262,1.32918,1.32933,2.14,2.44
2018.01.08 04:17:08.861,1.32917,1.32934,2.14,1.01
2018.01.08 04:17:18.225,1.32917,1.32935,1.76,3.08
2018.01.08 04:17:18.881,1.32919,1.32935,1.69,2.14
2018.01.08 04:17:20.083,1.3292,1.32935,2.63,1.57
2018.01.08 04:17:20.390,1.32922,1.32939,2.89,1.57
2018.01.08 04:17:20.981,1.32924,1.32939,3.00,1.57
2018.01.08 04:17:21.493,1.32924,1.32939,2.25,1.00
2018.01.08 04:17:27.495,1.32924,1.32941,2.81,2.14
2018.01.08 04:17:29.182,1.32927,1.32941,1.00,2.14
2018.01.08 04:17:45.640,1.32927,1.32939,1.00,1.00
2018.01.08 04:17:54.967,1.32925,1.32939,1.00,2.14
2018.01.08 04:18:11.194,1.32923,1.32938,1.87,1.87
2018.01.08 04:18:11.829,1.32923,1.32938,1.87,2.62
2018.01.08 04:18:35.944,1.32926,1.32937,1.00,1.25
2018.01.08 04:18:36.692,1.32929,1.32938,1.00,1.00
2018.01.08 04:18:56.798,1.32929,1.32941,1.00,1.50
2018.01.08 04:19:06.351,1.32928,1.3294,1.00,1.20
2018.01.08 04:19:06.875,1.32927,1.32941,1.00,2.89
2018.01.08 04:19:08.129,1.32927,1.3294,1.00,1.29
2018.01.08 04:19:08.643,1.32927,1.3294,1.00,1.10
2018.01.08 04:19:09.196,1.32927,1.3294,1.00,1.29
2018.01.08 04:19:09.808,1.32927,1.3294,1.00,1.10
2018.01.08 04:19:09.860,1.32932,1.32941,1.00,1.57
2018.01.08 04:19:09.911,1.32934,1.32944,1.00,1.00
2018.01.08 04:19:09.963,1.32932,1.32944,1.00,1.00
2018.01.08 04:19:10.233,1.32933,1.32946,1.00,1.20
2018.01.08 04:19:12.859,1.32935,1.32947,1.00,1.57
2018.01.08 04:19:17.145,1.32935,1.32947,1.00,1.12
2018.01.08 04:19:17.717,1.32936,1.32948,1.00,2.32
2018.01.08 04:19:18.239,1.32936,1.32949,1.00,2.62
2018.01.08 04:19:21.423,1.32938,1.32949,1.00,2.25
2018.01.08 04:19:27.135,1.32938,1.3295,1.00,1.12
2018.01.08 04:19:27.339,1.32941,1.32952,1.00,2.14
2018.01.08 04:19:27.441,1.32942,1.32953,1.00,1.87
2018.01.08 04:19:48.289,1.32941,1.32953,1.00,1.87
2018.01.08 04:19:55.194,1.32941,1.32953,1.00,2.44
2018.01.08 04:19:57.064,1.32941,1.32953,1.00,2.25
2018.01.08 04:20:01.125,1.32941,1.32953,1.00,2.44
2018.01.08 04:20:04.081,1.32941,1.32953,1.00,2.25
2018.01.08 04:20:04.907,1.32942,1.32953,1.00,2.25
2018.01.08 04:20:08.908,1.32942,1.32953,1.00,2.81
2018.01.08 04:20:15.370,1.32941,1.32953,1.00,2.62
2018.01.08 04:20:37.294,1.32941,1.32953,1.00,1.95
2018.01.08 04:20:47.346,1.32941,1.32953,1.00,1.95
2018.01.08 04:20:48.384,1.32942,1.32951,1.00,1.00
2018.01.08 04:20:49.190,1.32942,1.32952,1.00,1.20
2018.01.08 04:21:00.376,1.32946,1.32959,1.00,1.70
2018.01.08 04:21:00.427,1.32949,1.32961,1.00,3.07
2018.01.08 04:21:00.529,1.32949,1.32961,1.00,1.57
2018.01.08 04:21:01.046,1.3295,1.32961,1.00,1.12
2018.01.08 04:21:01.645,1.32949,1.32961,1.20,1.31
2018.01.08 04:21:02.578,1.3295,1.32961,1.00,1.31
2018.01.08 04:21:35.039,1.32949,1.32961,1.95,1.12
2018.01.08 04:21:51.517,1.32951,1.32961,1.00,1.12
2018.01.08 04:21:53.805,1.32949,1.32961,2.70,1.12
2018.01.08 04:21:54.799,1.3295,1.32961,1.00,1.12
2018.01.08 04:21:56.425,1.3295,1.32962,1.00,1.12
2018.01.08 04:22:09.003,1.3295,1.32961,1.00,1.00
2018.01.08 04:22:29.853,1.32949,1.32961,1.00,1.00
2018.01.08 04:22:40.010,1.32949,1.32962,1.00,1.12
2018.01.08 04:22:50.722,1.32949,1.32962,1.00,2.25
2018.01.08 04:23:39.386,1.3295,1.32961,1.00,1.50
2018.01.08 04:23:41.133,1.3295,1.32962,1.00,1.50
2018.01.08 04:23:41.236,1.32952,1.32962,1.00,1.00
2018.01.08 04:23:41.749,1.32952,1.32962,1.95,1.00
2018.01.08 04:23:47.315,1.32952,1.32964,1.95,1.87
2018.01.08 04:23:49.878,1.32952,1.32964,1.95,1.87
2018.01.08 04:23:50.390,1.32952,1.32964,2.70,1.00
2018.01.08 04:23:50.442,1.32957,1.32967,1.00,2.44
2018.01.08 04:23:50.494,1.32957,1.32969,1.00,2.44
2018.01.08 04:23:50.545,1.32959,1.32969,1.00,2.63
2018.01.08 04:23:50.905,1.32959,1.32971,1.00,1.69
2018.01.08 04:23:53.689,1.3296,1.32971,1.00,1.69
2018.01.08 04:24:04.875,1.32961,1.32972,1.00,1.31
2018.01.08 04:24:07.841,1.32962,1.32972,1.00,1.69
2018.01.08 04:24:24.123,1.32962,1.32974,1.00,2.62
2018.01.08 04:24:24.227,1.32963,1.32975,1.00,1.13
2018.01.08 04:24:24.485,1.32965,1.32975,1.00,1.00
2018.01.08 04:24:25.163,1.32965,1.32976,1.00,1.00
2018.01.08 04:24:25.942,1.32965,1.32977,1.00,2.06
2018.01.08 04:24:26.499,1.32965,1.32976,1.00,1.00
2018.01.08 04:24:45.867,1.32965,1.32977,1.00,1.12
2018.01.08 04:24:46.224,1.32965,1.32975,1.10,1.00
2018.01.08 04:24:46.378,1.32965,1.3298,1.10,2.44
2018.01.08 04:24:46.430,1.32969,1.3298,1.00,1.12
2018.01.08 04:24:47.487,1.3297,1.32981,1.00,2.44
2018.01.08 04:24:51.221,1.32971,1.32981,1.00,1.88
2018.01.08 04:24:51.755,1.3297,1.3298,1.00,1.31
2018.01.08 04:24:52.189,1.32972,1.32983,1.00,1.88
2018.01.08 04:24:52.343,1.32973,1.32984,1.00,1.50
2018.01.08 04:24:53.544,1.32973,1.32983,1.00,1.00
2018.01.08 04:24:54.536,1.32974,1.32985,1.00,1.87
2018.01.08 04:24:55.086,1.32975,1.32986,1.00,1.87
2018.01.08 04:24:58.594,1.32975,1.32987,1.00,1.16
2018.01.08 04:25:00.164,1.32975,1.32987,1.00,1.16
2018.01.08 04:25:05.814,1.32976,1.32987,1.00,1.16
2018.01.08 04:25:05.916,1.3298,1.32992,1.00,2.32
2018.01.08 04:25:06.426,1.32981,1.32993,1.00,2.25
2018.01.08 04:25:14.090,1.32984,1.32995,1.10,1.75
2018.01.08 04:25:14.142,1.32984,1.32999,1.10,1.50
2018.01.08 04:25:14.193,1.32987,1.32998,1.00,1.12
2018.01.08 04:25:14.365,1.32984,1.32996,1.10,1.00
2018.01.08 04:25:15.747,1.32984,1.32995,1.00,1.00
2018.01.08 04:25:16.229,1.32984,1.3299,1.00,1.25
2018.01.08 04:25:16.280,1.3298,1.3299,1.00,1.25
2018.01.08 04:25:16.332,1.32977,1.3299,2.25,1.50
2018.01.08 04:25:16.729,1.32976,1.32989,1.00,2.00
2018.01.08 04:25:16.780,1.32973,1.32985,1.95,1.00
2018.01.08 04:25:17.290,1.32974,1.32985,1.00,1.00
2018.01.08 04:25:19.003,1.32974,1.32987,1.00,2.25
2018.01.08 04:25:31.475,1.32975,1.32985,1.00,1.00
2018.01.08 04:25:35.214,1.32973,1.32981,1.00,1.84
2018.01.08 04:25:35.266,1.32969,1.32978,1.00,1.00
2018.01.08 04:25:35.317,1.32968,1.32973,1.00,1.00
2018.01.08 04:25:35.522,1.32963,1.32973,1.10,1.50
2018.01.08 04:25:35.574,1.32962,1.32972,1.20,2.25
2018.01.08 04:25:35.626,1.3296,1.32971,1.10,1.12
2018.01.08 04:25:35.780,1.32958,1.32969,1.95,1.75
2018.01.08 04:25:37.598,1.32958,1.3297,1.95,1.87
2018.01.08 04:25:39.157,1.3296,1.32971,1.00,1.87
2018.01.08 04:25:39.615,1.3296,1.32971,1.00,2.06
2018.01.08 04:25:40.305,1.3296,1.3297,1.00,2.66
2018.01.08 04:25:40.356,1.32955,1.32969,1.00,2.44
2018.01.08 04:25:40.408,1.32954,1.32965,1.50,2.25
2018.01.08 04:25:40.931,1.32953,1.32965,1.00,2.25
2018.01.08 04:25:41.791,1.32953,1.32964,1.00,2.06
2018.01.08 04:25:46.696,1.32954,1.32963,1.00,1.12
2018.01.08 04:25:47.244,1.32954,1.32967,1.00,1.69
2018.01.08 04:25:47.746,1.32955,1.32968,1.00,3.07
2018.01.08 04:25:48.398,1.32955,1.32966,1.00,1.87
2018.01.08 04:25:51.765,1.32955,1.32967,1.00,1.12
2018.01.08 04:25:56.552,1.32955,1.32966,1.00,1.00
2018.01.08 04:26:12.780,1.32955,1.32965,1.00,1.00
2018.01.08 04:26:19.133,1.32955,1.32964,1.00,1.00
2018.01.08 04:26:37.440,1.32955,1.32965,1.00,1.12
2018.01.08 04:26:58.753,1.32955,1.32967,1.00,1.31
2018.01.08 04:26:59.245,1.32957,1.32968,1.00,1.25
2018.01.08 04:26:59.296,1.32953,1.32968,1.20,1.13
2018.01.08 04:26:59.399,1.32955,1.3297,1.00,1.57
2018.01.08 04:26:59.705,1.32951,1.32965,1.20,1.12
2018.01.08 04:27:00.439,1.32951,1.32965,1.45,1.12
2018.01.08 04:27:01.116,1.32951,1.32964,1.45,1.00
2018.01.08 04:27:01.814,1.32951,1.32965,1.45,1.12
2018.01.08 04:27:16.316,1.32951,1.32967,1.45,2.25
2018.01.08 04:27:17.793,1.32951,1.32966,1.95,1.00
2018.01.08 04:27:19.309,1.32952,1.32967,1.20,1.88
2018.01.08 04:27:21.452,1.32952,1.32967,1.20,1.12
2018.01.08 04:27:54.582,1.32952,1.32967,1.20,1.50
2018.01.08 04:28:21.403,1.32951,1.32966,1.45,1.00
2018.01.08 04:28:21.454,1.32951,1.32964,1.20,1.00
2018.01.08 04:28:36.712,1.32951,1.32965,1.20,1.31
2018.01.08 04:28:37.018,1.32952,1.32966,1.45,1.12
2018.01.08 04:29:00.535,1.32953,1.32968,2.70,1.50
2018.01.08 04:29:02.431,1.32955,1.32971,1.00,3.00
2018.01.08 04:29:02.482,1.32957,1.32972,1.00,1.57
2018.01.08 04:29:03.457,1.32957,1.32971,1.95,1.12
2018.01.08 04:29:09.618,1.32958,1.32972,1.45,1.69
2018.01.08 04:29:09.923,1.32959,1.32975,1.45,1.50
2018.01.08 04:29:10.924,1.32959,1.32975,1.45,1.69
2018.01.08 04:29:25.806,1.32959,1.32975,1.70,1.50
2018.01.08 04:29:25.908,1.3296,1.32977,1.45,2.25
2018.01.08 04:29:30.228,1.32962,1.32978,1.20,2.32
2018.01.08 04:29:30.922,1.32961,1.32978,2.70,1.20
2018.01.08 04:29:31.743,1.32961,1.32976,2.14,1.00
2018.01.08 04:29:34.761,1.3296,1.32975,1.45,1.12
2018.01.08 04:29:35.378,1.32961,1.32978,1.20,3.26
2018.01.08 04:29:38.200,1.32961,1.32976,1.20,1.00
2018.01.08 04:29:45.140,1.32961,1.32977,1.45,1.12
2018.01.08 04:29:45.877,1.32963,1.32977,1.00,1.31
2018.01.08 04:29:46.543,1.32963,1.32977,1.00,1.88
2018.01.08 04:29:46.646,1.32964,1.32981,2.32,2.25
2018.01.08 04:29:46.697,1.32967,1.32982,1.00,1.20
2018.01.08 04:29:46.749,1.32968,1.32984,1.00,1.87
2018.01.08 04:29:47.347,1.32968,1.32985,2.32,1.50
2018.01.08 04:29:47.398,1.32968,1.32985,3.07,1.50
2018.01.08 04:29:48.539,1.32968,1.32984,3.26,1.00
2018.01.08 04:29:55.481,1.32969,1.3298,1.00,2.21
2018.01.08 04:29:55.533,1.32966,1.32977,1.00,1.87
2018.01.08 04:29:55.584,1.32966,1.32975,1.00,1.00
2018.01.08 04:29:55.789,1.32961,1.32973,1.20,1.00
2018.01.08 04:29:56.885,1.32964,1.32973,1.00,1.00
2018.01.08 04:29:56.987,1.32964,1.32979,1.00,1.50
2018.01.08 04:29:57.497,1.32964,1.32979,1.57,1.12
2018.01.08 04:29:58.461,1.32964,1.32978,1.57,1.00
2018.01.08 04:30:00.166,1.32964,1.32979,1.57,1.87
2018.01.08 04:30:01.638,1.32964,1.32976,1.45,1.44
2018.01.08 04:30:01.689,1.3296,1.32976,1.95,1.50
2018.01.08 04:30:01.740,1.3296,1.32973,1.95,1.00
2018.01.08 04:30:02.289,1.3296,1.32973,1.45,1.00
2018.01.08 04:30:11.665,1.3296,1.32973,1.20,1.00
2018.01.08 04:30:12.223,1.3296,1.32973,1.45,1.00
2018.01.08 04:30:26.146,1.32961,1.32973,1.20,1.00
2018.01.08 04:30:26.653,1.3296,1.32973,1.20,1.50
2018.01.08 04:30:28.278,1.3296,1.32973,1.20,1.50
2018.01.08 04:30:31.088,1.3296,1.32973,1.45,1.50
2018.01.08 04:30:31.191,1.32963,1.32979,1.45,2.25
2018.01.08 04:30:31.701,1.32964,1.32981,1.45,4.31
2018.01.08 04:30:34.805,1.32964,1.32978,1.45,2.06
2018.01.08 04:30:37.565,1.32963,1.32977,1.45,1.75
2018.01.08 04:30:38.752,1.32963,1.32976,1.45,1.50
2018.01.08 04:30:50.594,1.32963,1.32977,1.20,1.75
2018.01.08 04:31:07.190,1.3296,1.32976,3.07,2.25
2018.01.08 04:31:07.293,1.3296,1.32975,1.50,1.39
2018.01.08 04:31:07.395,1.3296,1.32969,1.00,2.00
2018.01.08 04:31:07.600,1.32954,1.32968,1.45,1.56
2018.01.08 04:31:22.499,1.32954,1.32969,1.45,2.06
2018.01.08 04:31:23.046,1.32954,1.32969,1.45,2.00
2018.01.08 04:31:23.697,1.32954,1.32969,1.45,1.69
2018.01.08 04:31:42.013,1.32951,1.32964,1.45,1.00
2018.01.08 04:31:43.211,1.32951,1.32965,1.45,1.00
2018.01.08 04:31:43.753,1.32949,1.32964,2.32,1.12
2018.01.08 04:31:52.403,1.32949,1.32964,2.32,2.06
2018.01.08 04:31:52.913,1.32949,1.32964,1.57,2.06
2018.01.08 04:31:56.694,1.32949,1.32964,1.57,2.44
2018.01.08 04:31:57.198,1.32949,1.32964,1.57,2.44
2018.01.08 04:31:58.663,1.32949,1.32964,1.57,2.44
2018.01.08 04:32:03.190,1.32949,1.32963,1.45,1.12
2018.01.08 04:32:03.717,1.32949,1.32963,1.45,1.31
2018.01.08 04:32:12.704,1.32949,1.32961,1.10,1.50
2018.01.08 04:32:16.308,1.32947,1.32962,1.45,1.69
2018.01.08 04:32:16.842,1.32947,1.32962,1.45,1.69
2018.01.08 04:32:20.364,1.32947,1.32962,1.45,1.69
2018.01.08 04:32:29.640,1.32946,1.32959,1.45,1.00
2018.01.08 04:32:30.626,1.32946,1.3296,1.45,1.00
2018.01.08 04:32:31.164,1.32946,1.32961,1.45,1.12
2018.01.08 04:32:41.866,1.32947,1.32963,1.45,3.19
2018.01.08 04:32:42.614,1.32948,1.32963,1.45,3.19
2018.01.08 04:32:43.128,1.32948,1.32962,1.10,1.31
2018.01.08 04:32:46.189,1.32948,1.32962,1.45,1.12
2018.01.08 04:32:57.573,1.32948,1.32962,1.10,1.31
2018.01.08 04:33:05.703,1.32948,1.32963,1.45,1.69
2018.01.08 04:33:27.905,1.32947,1.32963,1.95,2.81
2018.01.08 04:34:02.784,1.32947,1.32963,1.45,2.25
2018.01.08 04:34:03.089,1.32947,1.32964,1.76,2.06
2018.01.08 04:34:04.102,1.32949,1.32964,1.45,1.25
2018.01.08 04:34:10.962,1.32949,1.32965,1.95,1.12
2018.01.08 04:34:11.323,1.32949,1.32965,2.32,1.12
2018.01.08 04:34:13.224,1.32952,1.32965,1.00,1.00
2018.01.08 04:34:13.977,1.32953,1.32967,1.13,1.87
2018.01.08 04:34:14.029,1.32954,1.3297,1.64,2.25
2018.01.08 04:34:14.132,1.32955,1.3297,1.01,1.25
2018.01.08 04:34:14.444,1.3295,1.32963,1.45,1.00
2018.01.08 04:34:14.894,1.32948,1.32964,2.32,1.00
2018.01.08 04:34:16.083,1.32948,1.32963,3.26,1.00
2018.01.08 04:35:14.902,1.32948,1.32963,3.19,1.50
2018.01.08 04:35:24.907,1.32948,1.32964,1.81,1.00
2018.01.08 04:35:34.165,1.32948,1.32962,1.20,1.25
2018.01.08 04:35:34.733,1.32946,1.32961,1.45,1.00
2018.01.08 04:35:35.520,1.32944,1.32961,3.45,1.00
2018.01.08 04:35:45.288,1.32945,1.32962,3.45,1.12
2018.01.08 04:35:58.708,1.32949,1.32964,1.57,1.87
2018.01.08 04:36:25.474,1.32949,1.32964,1.07,1.12
2018.01.08 04:36:25.647,1.3295,1.32965,1.45,1.00
2018.01.08 04:36:25.800,1.32949,1.32964,1.76,1.50
2018.01.08 04:36:32.064,1.32949,1.32965,2.14,1.00
2018.01.08 04:36:32.598,1.32949,1.32965,3.45,1.00
2018.01.08 04:36:59.533,1.32952,1.32965,1.45,1.00
2018.01.08 04:37:08.524,1.32953,1.32968,1.10,1.50
2018.01.08 04:37:08.575,1.32953,1.32968,2.14,1.00
2018.01.08 04:37:08.627,1.32956,1.32971,1.00,1.50
2018.01.08 04:37:08.729,1.32958,1.32972,1.10,1.00
2018.01.08 04:37:09.035,1.32958,1.32972,1.01,1.00
2018.01.08 04:37:13.805,1.32958,1.32973,1.76,1.12
2018.01.08 04:37:16.744,1.32958,1.32973,2.32,1.00
2018.01.08 04:37:17.913,1.32959,1.32974,1.76,2.25
2018.01.08 04:37:18.423,1.3296,1.32974,2.14,1.00
2018.01.08 04:37:22.001,1.32961,1.32974,1.01,1.00
2018.01.08 04:37:22.881,1.32961,1.32976,1.20,1.00
2018.01.08 04:37:22.984,1.32963,1.32978,1.95,1.00
2018.01.08 04:37:23.529,1.32964,1.32979,1.76,1.00
2018.01.08 04:37:24.253,1.32965,1.3298,1.32,2.44
2018.01.08 04:37:24.765,1.32964,1.32979,2.14,1.00
2018.01.08 04:37:27.931,1.32964,1.3298,2.14,1.50
2018.01.08 04:37:28.456,1.32965,1.32981,1.45,1.50
2018.01.08 04:37:36.685,1.32966,1.32981,1.57,2.06
2018.01.08 04:37:37.030,1.32962,1.32979,3.82,1.50
2018.01.08 04:37:43.965,1.32962,1.32977,1.45,1.00
2018.01.08 04:37:44.414,1.32962,1.32975,1.45,1.00
2018.01.08 04:37:44.568,1.3296,1.32975,2.32,1.00
2018.01.08 04:37:45.259,1.3296,1.32975,2.32,1.00
2018.01.08 04:37:58.043,1.32962,1.32975,1.45,1.00
2018.01.08 04:37:58.457,1.32962,1.32975,1.45,1.00
2018.01.08 04:38:00.411,1.32962,1.32975,1.45,1.00
2018.01.08 04:38:45.607,1.32962,1.32976,1.95,1.00
2018.01.08 04:39:00.880,1.32961,1.32976,2.44,1.00
2018.01.08 04:39:16.242,1.32961,1.32976,2.70,1.12
2018.01.08 04:39:16.879,1.32961,1.32976,2.32,1.12
2018.01.08 04:39:45.057,1.32961,1.32976,1.45,1.50
2018.01.08 04:39:45.598,1.32961,1.32974,1.45,1.00
2018.01.08 04:39:46.071,1.32958,1.32973,1.57,1.13
2018.01.08 04:39:46.122,1.32958,1.3297,1.45,1.00
2018.01.08 04:39:46.173,1.32956,1.3297,1.57,1.00
2018.01.08 04:39:46.682,1.32953,1.3297,4.39,1.44
2018.01.08 04:39:47.377,1.32953,1.3297,3.45,1.25
2018.01.08 04:39:48.507,1.32953,1.3297,3.45,1.44
2018.01.08 04:39:53.107,1.32953,1.3297,3.07,1.25
2018.01.08 04:39:53.879,1.32953,1.3297,3.07,1.44
2018.01.08 04:39:55.745,1.32954,1.3297,1.45,1.50
2018.01.08 04:39:59.772,1.32954,1.3297,1.45,1.88
2018.01.08 04:40:00.496,1.32953,1.32968,3.07,1.00
2018.01.08 04:40:03.889,1.32953,1.32968,3.07,1.00
2018.01.08 04:40:04.404,1.32953,1.32967,1.45,1.00
2018.01.08 04:40:06.862,1.32954,1.32967,1.57,1.00
2018.01.08 04:40:14.454,1.32954,1.32969,1.95,1.00
2018.01.08 04:40:22.757,1.32955,1.32969,1.10,1.00
2018.01.08 04:40:23.265,1.32954,1.32969,1.45,1.50
2018.01.08 04:40:24.861,1.32954,1.32969,1.45,1.50
2018.01.08 04:40:29.327,1.32952,1.32967,1.45,1.25
2018.01.08 04:40:29.851,1.32952,1.32966,1.45,1.00
2018.01.08 04:40:35.945,1.32952,1.32966,1.45,1.00
2018.01.08 04:40:36.658,1.32952,1.32966,1.45,1.00
2018.01.08 04:40:37.199,1.32952,1.32966,1.45,1.00
2018.01.08 04:40:57.302,1.32953,1.32967,1.45,1.00
2018.01.08 04:41:12.996,1.32951,1.32967,4.39,1.12
2018.01.08 04:41:14.130,1.32951,1.32967,1.45,1.69
2018.01.08 04:41:36.596,1.3295,1.32966,3.07,1.50
2018.01.08 04:41:38.929,1.3295,1.32966,2.70,1.31
2018.01.08 04:41:41.024,1.3295,1.32965,3.45,1.00
2018.01.08 04:41:44.580,1.3295,1.32965,1.45,1.31
2018.01.08 04:41:44.924,1.32945,1.3296,4.01,1.50
2018.01.08 04:41:55.494,1.32947,1.32961,1.45,1.00
2018.01.08 04:41:59.491,1.3295,1.32961,1.00,1.00
2018.01.08 04:42:00.067,1.3295,1.32962,1.00,1.12
2018.01.08 04:42:21.690,1.3295,1.32963,1.10,1.25
2018.01.08 04:42:26.268,1.3295,1.32963,1.10,1.44
2018.01.08 04:42:27.556,1.3295,1.32963,1.10,1.12
2018.01.08 04:42:28.556,1.3295,1.32963,1.10,1.31
2018.01.08 04:42:29.324,1.3295,1.32963,1.10,1.12
2018.01.08 04:42:40.213,1.3295,1.32964,1.10,2.06
2018.01.08 04:43:08.980,1.32947,1.32964,2.32,2.25
2018.01.08 04:43:09.828,1.32947,1.32964,2.32,2.25
2018.01.08 04:43:13.343,1.32947,1.32964,2.32,2.25
2018.01.08 04:43:14.162,1.32947,1.32964,2.32,2.06
2018.01.08 04:43:21.882,1.32947,1.32964,2.25,1.12
2018.01.08 04:43:41.027,1.32949,1.32964,1.76,1.12
2018.01.08 04:43:41.379,1.32949,1.32966,1.83,1.50
2018.01.08 04:43:42.295,1.32949,1.32966,1.39,2.25
2018.01.08 04:43:43.166,1.32952,1.32967,1.00,2.89
2018.01.08 04:43:43.896,1.32953,1.32967,1.00,2.32
2018.01.08 04:44:02.449,1.32953,1.32964,1.00,1.00
2018.01.08 04:44:20.479,1.32953,1.32965,1.00,1.12
2018.01.08 04:44:36.111,1.32953,1.32967,1.00,1.12
2018.01.08 04:44:46.163,1.3295,1.32967,1.20,1.12
2018.01.08 04:44:47.779,1.3295,1.32967,1.20,1.31
2018.01.08 04:44:48.290,1.3295,1.32967,1.20,1.31
2018.01.08 04:44:49.326,1.32951,1.32967,1.00,1.12
2018.01.08 04:44:49.428,1.32951,1.32965,1.00,1.00
2018.01.08 04:45:19.244,1.32951,1.32965,1.95,1.00
2018.01.08 04:45:23.773,1.32951,1.32964,1.95,1.00
2018.01.08 04:45:28.202,1.32951,1.32965,1.95,1.00
2018.01.08 04:45:29.938,1.32954,1.32965,1.20,1.00
2018.01.08 04:45:30.245,1.32955,1.32968,1.20,1.00
2018.01.08 04:45:32.004,1.32956,1.32968,1.20,1.12
2018.01.08 04:45:34.928,1.32956,1.32968,1.20,1.12
2018.01.08 04:45:45.073,1.32956,1.32968,1.20,1.12
2018.01.08 04:45:52.743,1.32955,1.3297,1.45,3.00
2018.01.08 04:46:04.692,1.32955,1.3297,1.95,2.25
2018.01.08 04:46:04.999,1.32956,1.32971,1.20,1.12
2018.01.08 04:46:14.474,1.32956,1.3297,1.95,1.00
2018.01.08 04:46:33.627,1.32955,1.3297,1.20,2.62
2018.01.08 04:46:34.172,1.32955,1.32969,1.20,1.37
2018.01.08 04:46:42.734,1.32953,1.32968,1.95,1.12
2018.01.08 04:47:12.845,1.32956,1.32968,1.00,1.00
2018.01.08 04:47:21.792,1.32955,1.32968,1.00,2.25
2018.01.08 04:47:22.161,1.32955,1.32968,1.00,2.62
2018.01.08 04:47:23.204,1.32955,1.32968,1.00,1.87
2018.01.08 04:47:54.906,1.32954,1.32969,1.00,1.50
2018.01.08 04:48:16.753,1.32954,1.32969,1.00,1.12
2018.01.08 04:48:36.854,1.32955,1.3297,1.00,2.06
2018.01.08 04:48:56.116,1.32957,1.3297,1.00,1.95
2018.01.08 04:48:56.444,1.32963,1.32975,1.00,1.10
2018.01.08 04:49:02.340,1.32965,1.32978,1.00,1.12
2018.01.08 04:49:02.850,1.32966,1.32978,1.00,1.00
2018.01.08 04:49:03.220,1.32964,1.32978,1.00,2.25
2018.01.08 04:49:03.828,1.32964,1.32978,1.00,2.06
2018.01.08 04:49:05.926,1.32964,1.32978,1.00,2.51
2018.01.08 04:49:06.598,1.32964,1.32978,1.00,2.44
2018.01.08 04:49:06.989,1.32963,1.32976,1.00,2.06
2018.01.08 04:49:08.443,1.32964,1.32976,1.00,2.06
2018.01.08 04:49:14.531,1.32964,1.32976,1.00,2.06
2018.01.08 04:49:15.355,1.32963,1.32976,1.00,2.06
2018.01.08 04:49:29.652,1.32963,1.32976,1.00,2.14
2018.01.08 04:49:31.478,1.32963,1.32976,1.00,2.51
2018.01.08 04:49:34.214,1.32963,1.32976,1.00,2.14
2018.01.08 04:49:36.129,1.32963,1.32976,1.00,1.76
2018.01.08 04:49:40.056,1.32963,1.32976,1.00,2.06
2018.01.08 04:50:01.994,1.32963,1.32975,1.00,1.37
2018.01.08 04:50:44.769,1.32963,1.32976,1.00,1.12
2018.01.08 04:50:45.346,1.32964,1.32976,1.00,1.31
2018.01.08 04:50:46.890,1.32964,1.32976,1.00,1.50
2018.01.08 04:50:52.284,1.32964,1.32976,1.00,1.50
2018.01.08 04:51:02.496,1.32963,1.32976,1.00,1.31
2018.01.08 04:51:08.029,1.32963,1.32977,1.00,3.19
2018.01.08 04:51:08.878,1.32963,1.32976,1.00,1.25
2018.01.08 04:51:10.163,1.32963,1.32976,1.00,1.19
2018.01.08 04:51:12.761,1.32963,1.32976,1.00,1.50
2018.01.08 04:51:15.496,1.32963,1.32976,1.00,1.87
2018.01.08 04:51:16.152,1.32963,1.32976,1.00,2.25
2018.01.08 04:51:16.934,1.32963,1.32976,1.00,1.87
2018.01.08 04:51:18.564,1.32963,1.32974,1.00,1.00
2018.01.08 04:51:21.584,1.32963,1.32976,1.00,2.62
2018.01.08 04:51:41.320,1.32963,1.32977,1.00,1.87
2018.01.08 04:51:41.371,1.32965,1.32977,1.00,1.12
2018.01.08 04:51:47.671,1.32966,1.32978,1.00,2.25
2018.01.08 04:52:31.348,1.32966,1.3298,1.00,2.25
2018.01.08 04:52:54.906,1.32967,1.3298,1.00,2.06
2018.01.08 04:53:12.796,1.32965,1.3298,1.00,2.81
2018.01.08 04:53:16.430,1.32965,1.32979,1.00,1.87
2018.01.08 04:54:04.539,1.32967,1.32979,1.00,1.85
2018.01.08 04:54:12.932,1.32967,1.32978,1.00,1.31
2018.01.08 04:54:19.643,1.32964,1.32978,1.00,1.20
2018.01.08 04:54:22.550,1.32964,1.32977,1.00,1.00
2018.01.08 04:55:03.309,1.32964,1.32979,1.00,1.57
2018.01.08 04:55:34.906,1.32963,1.32979,1.12,1.50
2018.01.08 04:55:39.304,1.32964,1.32979,1.50,1.50
2018.01.08 04:56:01.437,1.32964,1.3298,1.00,2.33
2018.01.08 04:56:11.554,1.32964,1.3298,1.87,1.08
2018.01.08 04:57:08.823,1.32965,1.32981,1.00,3.38
2018.01.08 04:57:13.272,1.32965,1.32981,1.12,1.12
2018.01.08 04:57:13.893,1.32965,1.32981,1.50,1.12
2018.01.08 04:57:30.240,1.32968,1.32983,1.00,1.07
2018.01.08 04:57:30.649,1.3297,1.32983,1.25,1.00
2018.01.08 04:57:31.215,1.3297,1.32986,1.00,1.69
2018.01.08 04:57:31.267,1.32972,1.32989,1.00,1.82
2018.01.08 04:57:31.610,1.32975,1.3299,1.00,1.82
2018.01.08 04:58:26.281,1.32974,1.32989,1.95,2.25
2018.01.08 04:58:27.082,1.32974,1.32989,2.32,1.87
2018.01.08 04:58:43.275,1.32975,1.32989,1.00,1.12
2018.01.08 04:58:43.957,1.32975,1.32988,1.00,1.00
2018.01.08 04:58:45.395,1.32975,1.3299,1.00,1.69
2018.01.08 04:58:45.702,1.32977,1.32992,1.50,2.51
2018.01.08 04:58:46.308,1.32978,1.32992,1.00,1.25
2018.01.08 04:58:46.956,1.32978,1.32992,1.00,1.50
2018.01.08 04:58:47.197,1.32978,1.32993,1.00,2.63
2018.01.08 04:58:47.249,1.3298,1.32993,1.00,2.63
2018.01.08 04:58:47.609,1.32978,1.32993,1.95,1.50
2018.01.08 04:58:47.711,1.3298,1.32995,1.10,1.75
2018.01.08 04:58:55.696,1.3298,1.32995,1.58,1.75
2018.01.08 04:58:55.798,1.3298,1.32996,1.39,1.00
2018.01.08 04:59:00.964,1.3298,1.32995,1.95,1.00
2018.01.08 04:59:03.224,1.32983,1.32997,1.50,1.37
2018.01.08 04:59:03.533,1.32984,1.32999,1.45,1.50
2018.01.08 04:59:16.972,1.32985,1.32999,1.95,1.50
