2014.01.21 14:00:00.261,1.27858,1.27879,1.00,5.25
2014.01.21 14:00:00.609,1.27863,1.27879,1.00,4.50
2014.01.21 14:00:00.710,1.27863,1.27883,1.00,4.13
2014.01.21 14:00:01.232,1.27862,1.27883,1.00,1.88
2014.01.21 14:00:02.208,1.27859,1.27878,1.00,1.13
2014.01.21 14:00:03.221,1.27859,1.27873,1.00,1.00
2014.01.21 14:00:03.734,1.27858,1.27873,1.00,1.50
2014.01.21 14:00:04.237,1.27857,1.27873,1.00,1.50
2014.01.21 14:00:04.288,1.27854,1.27873,1.00,1.50
2014.01.21 14:00:04.501,1.27857,1.27873,1.00,1.50
2014.01.21 14:00:06.201,1.27857,1.27872,1.00,1.00
2014.01.21 14:00:06.553,1.27858,1.2787,1.00,1.00
2014.01.21 14:00:11.451,1.27856,1.27869,1.00,1.00
2014.01.21 14:00:11.501,1.27856,1.27862,1.00,1.00
2014.01.21 14:00:11.552,1.27849,1.27862,1.88,1.00
2014.01.21 14:00:11.603,1.27849,1.27862,1.00,1.00
2014.01.21 14:00:11.654,1.27851,1.27862,1.38,1.00
2014.01.21 14:00:11.709,1.27851,1.27869,1.50,1.00
2014.01.21 14:00:12.214,1.27854,1.2787,1.13,1.00
2014.01.21 14:00:12.440,1.27854,1.2787,1.38,1.00
2014.01.21 14:00:12.490,1.27854,1.27872,1.38,2.25
2014.01.21 14:00:13.052,1.27856,1.27872,1.00,2.25
2014.01.21 14:00:13.204,1.27853,1.27865,1.00,1.00
2014.01.21 14:00:13.406,1.27854,1.27868,1.00,1.00
2014.01.21 14:00:13.507,1.27854,1.2787,1.00,1.00
2014.01.21 14:00:13.709,1.27854,1.27872,1.00,1.50
2014.01.21 14:00:13.760,1.27856,1.27872,1.38,1.50
2014.01.21 14:00:14.396,1.27854,1.2787,1.00,1.00
2014.01.21 14:00:14.853,1.27854,1.2787,1.38,1.50
2014.01.21 14:00:14.904,1.27854,1.27872,1.38,1.00
2014.01.21 14:00:15.415,1.27856,1.27873,1.00,1.50
2014.01.21 14:00:15.465,1.27856,1.27869,1.00,1.50
2014.01.21 14:00:15.566,1.27849,1.27868,1.00,1.50
2014.01.21 14:00:15.945,1.27849,1.27864,1.00,1.00
2014.01.21 14:00:16.904,1.27849,1.27861,1.00,1.00
2014.01.21 14:00:17.005,1.27845,1.2786,1.88,1.00
2014.01.21 14:00:17.774,1.27845,1.27861,1.88,1.00
2014.01.21 14:00:18.463,1.27845,1.2786,1.88,1.00
2014.01.21 14:00:21.079,1.27844,1.2786,3.00,1.00
2014.01.21 14:00:25.589,1.27846,1.2786,1.13,1.00
2014.01.21 14:00:27.778,1.27846,1.27856,1.13,1.00
2014.01.21 14:00:28.354,1.27846,1.27856,1.38,1.00
2014.01.21 14:00:28.923,1.27846,1.27856,1.00,1.00
2014.01.21 14:00:29.074,1.27846,1.27863,1.00,1.38
2014.01.21 14:00:29.284,1.27844,1.27863,1.05,1.38
2014.01.21 14:00:29.687,1.27841,1.27856,1.42,1.00
2014.01.21 14:00:31.616,1.27835,1.27852,1.87,1.00
2014.01.21 14:00:31.767,1.27836,1.27852,1.75,1.00
2014.01.21 14:00:50.838,1.27836,1.27852,1.38,1.00
2014.01.21 14:01:22.117,1.27836,1.27852,1.13,1.00
2014.01.21 14:01:23.777,1.27835,1.27852,2.25,1.00
2014.01.21 14:01:23.998,1.27835,1.27852,2.25,1.00
2014.01.21 14:01:24.876,1.27835,1.27852,2.25,1.00
2014.01.21 14:01:29.387,1.27835,1.27852,1.88,1.00
2014.01.21 14:01:30.123,1.27835,1.27852,2.25,1.00
2014.01.21 14:01:33.018,1.27835,1.27852,3.00,1.00
2014.01.21 14:01:34.558,1.27835,1.27852,3.00,1.00
2014.01.21 14:01:35.168,1.27837,1.27852,1.00,1.00
2014.01.21 14:01:35.718,1.27835,1.27852,3.00,1.00
2014.01.21 14:01:36.396,1.27835,1.27852,3.00,1.00
2014.01.21 14:01:38.357,1.27835,1.27852,3.00,1.00
2014.01.21 14:01:38.468,1.27835,1.27852,3.00,1.00
2014.01.21 14:01:38.980,1.27836,1.27852,1.00,1.00
2014.01.21 14:01:44.377,1.27838,1.27852,1.00,1.00
2014.01.21 14:01:44.730,1.27838,1.27854,1.50,1.00
2014.01.21 14:01:44.780,1.27841,1.27854,1.00,1.00
2014.01.21 14:01:46.625,1.27841,1.27855,1.00,1.00
2014.01.21 14:01:46.675,1.27841,1.27857,1.00,1.00
2014.01.21 14:01:46.881,1.27842,1.27854,2.25,1.00
2014.01.21 14:01:47.438,1.27842,1.27853,1.00,1.00
2014.01.21 14:01:50.650,1.27842,1.27854,1.00,1.00
2014.01.21 14:01:50.701,1.27842,1.27857,1.50,1.00
2014.01.21 14:02:04.420,1.27843,1.27857,1.00,1.00
2014.01.21 14:02:04.993,1.27843,1.27849,1.00,1.00
2014.01.21 14:02:05.269,1.27838,1.27849,1.00,1.50
2014.01.21 14:02:08.494,1.27836,1.27849,1.88,1.50
2014.01.21 14:02:10.698,1.27836,1.27849,1.88,1.50
2014.01.21 14:02:15.966,1.27836,1.27849,1.88,1.50
2014.01.21 14:02:18.970,1.27836,1.27849,1.50,1.50
2014.01.21 14:02:31.806,1.27836,1.27849,1.88,1.50
2014.01.21 14:02:33.432,1.27836,1.27848,1.88,1.00
2014.01.21 14:02:34.579,1.27836,1.27848,1.88,1.00
2014.01.21 14:02:37.346,1.27837,1.27848,1.00,1.00
2014.01.21 14:02:42.410,1.27841,1.27848,1.00,1.00
2014.01.21 14:02:42.461,1.27841,1.27859,1.50,1.88
2014.01.21 14:02:42.986,1.27841,1.27858,2.25,1.50
2014.01.21 14:02:43.137,1.27841,1.27855,1.50,1.00
2014.01.21 14:02:43.439,1.27841,1.27853,1.50,1.00
2014.01.21 14:02:47.416,1.27842,1.27859,1.00,1.13
2014.01.21 14:02:47.519,1.27848,1.27859,1.00,1.00
2014.01.21 14:02:48.032,1.27848,1.27862,1.00,1.38
2014.01.21 14:02:48.335,1.2785,1.27863,1.00,1.00
2014.01.21 14:02:48.495,1.27848,1.27863,1.00,1.00
2014.01.21 14:02:49.016,1.27847,1.27863,1.00,1.00
2014.01.21 14:02:49.714,1.27847,1.27864,1.00,1.00
2014.01.21 14:02:50.391,1.27847,1.27863,1.00,1.00
2014.01.21 14:02:51.929,1.27847,1.27864,1.00,1.00
2014.01.21 14:02:52.498,1.27847,1.27863,1.00,1.00
2014.01.21 14:02:53.016,1.27847,1.27864,1.00,1.00
2014.01.21 14:03:01.896,1.27849,1.27864,1.00,1.00
2014.01.21 14:03:07.261,1.27851,1.27864,1.00,1.00
2014.01.21 14:03:13.407,1.27851,1.27865,1.00,1.50
2014.01.21 14:03:13.970,1.27851,1.27866,1.00,1.50
2014.01.21 14:03:32.121,1.27851,1.27863,1.13,1.00
2014.01.21 14:03:32.423,1.27853,1.27862,1.00,1.00
2014.01.21 14:03:39.766,1.27853,1.27863,1.00,1.50
2014.01.21 14:03:43.768,1.2785,1.27863,1.00,1.50
2014.01.21 14:03:44.410,1.27849,1.2786,1.00,1.00
2014.01.21 14:03:45.447,1.27849,1.27859,1.00,1.50
2014.01.21 14:03:45.749,1.27852,1.2786,1.00,1.50
2014.01.21 14:03:47.409,1.27852,1.27859,1.00,1.50
2014.01.21 14:03:50.053,1.27849,1.27859,1.00,1.50
2014.01.21 14:03:51.577,1.27852,1.27859,1.00,1.50
2014.01.21 14:03:52.503,1.27851,1.2786,1.00,1.50
2014.01.21 14:03:53.046,1.27844,1.27859,1.38,1.50
2014.01.21 14:03:57.115,1.27844,1.27859,2.40,1.50
2014.01.21 14:03:57.216,1.27845,1.27861,1.13,1.00
2014.01.21 14:03:57.267,1.27853,1.27861,1.00,1.00
2014.01.21 14:03:57.317,1.27853,1.27872,1.00,2.63
2014.01.21 14:03:57.368,1.27848,1.27862,1.00,1.00
2014.01.21 14:03:57.469,1.27841,1.27862,3.60,1.00
2014.01.21 14:03:57.570,1.27841,1.27864,3.98,1.00
2014.01.21 14:03:58.126,1.27841,1.27864,1.15,1.00
2014.01.21 14:03:59.798,1.27841,1.27864,1.73,1.00
2014.01.21 14:03:59.849,1.27844,1.27864,1.95,1.00
2014.01.21 14:04:00.000,1.27849,1.2787,1.00,1.00
2014.01.21 14:04:01.443,1.27849,1.27868,1.00,1.50
2014.01.21 14:04:01.966,1.27849,1.27867,1.00,1.00
2014.01.21 14:04:02.452,1.27849,1.27865,1.00,1.50
2014.01.21 14:04:02.968,1.27849,1.27864,1.00,1.00
2014.01.21 14:04:03.666,1.27849,1.27865,1.00,1.50
2014.01.21 14:04:04.215,1.27849,1.27864,1.00,1.00
2014.01.21 14:04:05.976,1.27849,1.27865,1.50,1.00
2014.01.21 14:04:07.876,1.27849,1.27864,1.50,1.00
2014.01.21 14:04:08.617,1.27849,1.27863,1.00,1.00
2014.01.21 14:04:11.638,1.27848,1.27863,1.00,1.00
2014.01.21 14:04:20.470,1.27848,1.27865,1.00,1.00
2014.01.21 14:04:23.860,1.27848,1.27866,1.50,1.00
2014.01.21 14:04:23.937,1.27848,1.2787,1.50,1.38
2014.01.21 14:04:25.013,1.27848,1.2787,1.50,1.13
2014.01.21 14:04:32.366,1.27848,1.2787,1.00,1.50
2014.01.21 14:04:33.000,1.27847,1.27867,1.13,1.00
2014.01.21 14:04:33.703,1.27847,1.27867,1.13,1.38
2014.01.21 14:04:40.708,1.27847,1.27865,1.13,1.00
2014.01.21 14:04:50.437,1.27854,1.27865,1.38,1.00
2014.01.21 14:04:50.617,1.27852,1.27866,1.00,1.88
2014.01.21 14:04:51.071,1.27851,1.2787,1.00,1.38
2014.01.21 14:04:51.573,1.27852,1.2787,1.00,1.00
2014.01.21 14:04:51.957,1.27851,1.27868,1.00,1.38
2014.01.21 14:04:52.025,1.27851,1.27868,1.00,1.00
2014.01.21 14:04:52.135,1.27848,1.27868,1.50,1.13
2014.01.21 14:04:52.187,1.27851,1.27868,1.00,1.13
2014.01.21 14:04:52.507,1.27854,1.27869,1.00,1.00
2014.01.21 14:04:52.850,1.27854,1.27872,1.00,1.13
2014.01.21 14:04:52.950,1.27854,1.2787,1.00,1.00
2014.01.21 14:04:55.342,1.27854,1.27871,1.00,1.38
2014.01.21 14:04:57.238,1.27854,1.27868,1.00,1.00
2014.01.21 14:04:57.745,1.27854,1.27867,1.00,1.00
2014.01.21 14:05:06.426,1.27854,1.27868,1.00,1.00
2014.01.21 14:05:13.940,1.27854,1.27867,1.00,1.50
2014.01.21 14:05:14.051,1.27852,1.27867,1.00,1.50
2014.01.21 14:05:14.152,1.2785,1.27862,1.50,1.00
2014.01.21 14:05:14.253,1.27848,1.27862,1.00,1.00
2014.01.21 14:05:26.985,1.27847,1.27862,1.00,1.00
2014.01.21 14:05:30.246,1.27845,1.27862,1.88,1.00
2014.01.21 14:05:31.175,1.27845,1.27862,1.88,1.00
2014.01.21 14:05:31.847,1.27845,1.27862,1.88,1.00
2014.01.21 14:05:32.606,1.27845,1.27862,1.88,1.00
2014.01.21 14:05:34.915,1.27845,1.27862,1.88,1.00
2014.01.21 14:05:35.276,1.27843,1.27861,1.13,1.50
2014.01.21 14:05:35.427,1.27843,1.27855,1.00,1.00
2014.01.21 14:05:35.478,1.27841,1.27855,2.25,1.00
2014.01.21 14:05:35.529,1.27839,1.27855,1.00,1.00
2014.01.21 14:05:35.630,1.27839,1.27858,1.00,1.00
2014.01.21 14:05:35.681,1.27843,1.27858,1.00,1.00
2014.01.21 14:05:35.993,1.2784,1.27854,1.00,1.00
2014.01.21 14:05:43.856,1.2784,1.27854,1.38,1.00
2014.01.21 14:05:43.928,1.27842,1.27858,1.13,1.00
2014.01.21 14:05:44.183,1.27842,1.27855,1.00,1.50
2014.01.21 14:05:44.234,1.2784,1.27855,1.00,1.50
2014.01.21 14:05:44.438,1.27842,1.27855,1.00,1.00
2014.01.21 14:05:44.706,1.27839,1.27854,1.00,1.00
2014.01.21 14:05:49.935,1.27839,1.27856,1.00,1.50
2014.01.21 14:05:53.916,1.27839,1.27855,1.00,1.00
2014.01.21 14:05:54.424,1.27838,1.27855,1.00,1.50
2014.01.21 14:05:55.857,1.27838,1.27855,1.00,1.88
2014.01.21 14:05:56.376,1.27838,1.27847,1.00,1.00
2014.01.21 14:05:56.695,1.27835,1.27847,1.00,1.00
2014.01.21 14:05:57.246,1.27832,1.27847,1.08,1.00
2014.01.21 14:06:01.961,1.27832,1.27853,1.08,2.01
2014.01.21 14:06:02.011,1.27836,1.27853,1.00,1.63
2014.01.21 14:06:02.196,1.27833,1.27853,1.10,1.63
2014.01.21 14:06:02.563,1.27835,1.27852,1.00,1.13
2014.01.21 14:06:03.235,1.27832,1.27846,1.08,1.17
2014.01.21 14:06:07.476,1.27832,1.27853,1.08,1.50
2014.01.21 14:06:07.527,1.27837,1.27853,1.00,1.50
2014.01.21 14:06:07.942,1.27837,1.27856,1.00,1.00
2014.01.21 14:06:08.143,1.27837,1.27852,1.00,1.00
2014.01.21 14:06:08.295,1.27835,1.27852,1.00,1.00
2014.01.21 14:06:08.801,1.27836,1.27852,1.00,1.00
2014.01.21 14:06:13.888,1.27836,1.27856,1.00,1.00
2014.01.21 14:06:14.039,1.27839,1.27856,1.00,1.00
2014.01.21 14:06:14.240,1.27837,1.27856,1.00,1.00
2014.01.21 14:06:14.374,1.27837,1.27852,1.00,1.00
2014.01.21 14:06:14.585,1.27834,1.27852,1.00,1.00
2014.01.21 14:06:14.777,1.27836,1.27852,1.00,1.00
2014.01.21 14:06:20.415,1.27836,1.27856,1.00,1.00
2014.01.21 14:06:20.943,1.27837,1.27852,1.00,1.00
2014.01.21 14:06:20.993,1.27835,1.27852,1.00,1.00
2014.01.21 14:06:21.588,1.27836,1.27852,1.00,1.00
2014.01.21 14:06:27.921,1.27838,1.27852,1.00,1.00
2014.01.21 14:06:27.972,1.27838,1.27856,1.00,1.00
2014.01.21 14:06:28.173,1.27838,1.27853,1.00,1.00
2014.01.21 14:06:28.274,1.27834,1.27853,1.00,1.00
2014.01.21 14:06:28.479,1.27836,1.27853,1.00,1.00
2014.01.21 14:06:30.225,1.27836,1.27853,1.00,1.13
2014.01.21 14:06:32.218,1.27838,1.27856,1.00,1.51
2014.01.21 14:06:32.962,1.27837,1.27856,1.00,1.13
2014.01.21 14:06:36.177,1.27834,1.27856,1.00,1.13
2014.01.21 14:06:36.504,1.27837,1.27853,1.00,1.63
2014.01.21 14:06:39.256,1.2783,1.27847,1.38,1.63
2014.01.21 14:06:41.145,1.2783,1.27839,1.08,1.00
2014.01.21 14:06:41.296,1.2783,1.27839,1.00,1.00
2014.01.21 14:06:41.347,1.27823,1.27839,5.25,1.00
2014.01.21 14:06:41.608,1.27823,1.27841,5.25,1.50
2014.01.21 14:06:41.768,1.27824,1.27841,1.00,1.50
2014.01.21 14:06:43.614,1.27823,1.27841,3.00,1.50
2014.01.21 14:06:45.374,1.27824,1.27841,1.50,1.50
2014.01.21 14:06:51.315,1.27823,1.27841,2.25,1.50
2014.01.21 14:06:53.294,1.27825,1.27841,1.38,1.50
2014.01.21 14:07:07.625,1.27826,1.27841,1.00,1.50
2014.01.21 14:07:09.285,1.27824,1.27841,1.13,1.00
2014.01.21 14:07:09.345,1.27825,1.27841,1.38,1.00
2014.01.21 14:07:09.564,1.27824,1.27841,1.13,1.00
2014.01.21 14:07:09.866,1.27821,1.2784,1.00,1.00
2014.01.21 14:07:09.922,1.27821,1.27836,1.00,1.00
2014.01.21 14:07:10.225,1.27817,1.27836,1.50,1.50
2014.01.21 14:07:10.764,1.27817,1.27835,1.50,1.00
2014.01.21 14:07:11.317,1.27819,1.27835,1.00,1.00
2014.01.21 14:07:11.518,1.27817,1.27834,1.00,1.00
2014.01.21 14:07:29.617,1.27817,1.27835,1.13,1.50
2014.01.21 14:07:30.140,1.27818,1.27835,1.00,1.00
2014.01.21 14:07:30.392,1.27821,1.27837,1.00,1.50
2014.01.21 14:07:30.594,1.27821,1.27839,1.00,1.00
2014.01.21 14:07:38.063,1.27821,1.27843,1.00,1.50
2014.01.21 14:07:42.169,1.27821,1.27841,1.00,1.00
2014.01.21 14:07:44.715,1.27821,1.27843,1.00,1.50
2014.01.21 14:07:52.612,1.27821,1.27841,1.00,1.00
2014.01.21 14:07:54.567,1.27821,1.27839,1.00,1.00
2014.01.21 14:07:58.270,1.27821,1.27841,1.00,1.00
2014.01.21 14:08:01.253,1.27821,1.27842,1.00,1.13
2014.01.21 14:08:25.352,1.27822,1.27842,1.00,1.13
2014.01.21 14:08:28.574,1.27822,1.27841,1.00,1.00
2014.01.21 14:08:32.205,1.27822,1.27842,1.00,1.13
2014.01.21 14:08:37.850,1.27822,1.27843,1.50,1.88
2014.01.21 14:08:40.370,1.27822,1.27842,1.00,1.00
2014.01.21 14:08:45.921,1.27822,1.27843,1.00,1.13
2014.01.21 14:09:03.701,1.27822,1.27841,1.00,1.00
2014.01.21 14:09:12.955,1.27822,1.27843,1.00,1.00
2014.01.21 14:09:13.974,1.27823,1.27843,1.00,1.00
2014.01.21 14:09:31.801,1.27822,1.27843,1.00,1.13
2014.01.21 14:09:43.303,1.27825,1.27843,1.38,1.00
2014.01.21 14:09:43.733,1.27826,1.27845,1.38,1.13
2014.01.21 14:09:44.255,1.27826,1.27845,1.13,1.00
2014.01.21 14:09:44.651,1.27826,1.27848,1.38,3.51
2014.01.21 14:09:45.182,1.27828,1.27849,1.50,1.13
2014.01.21 14:10:07.021,1.2783,1.27853,1.00,1.88
2014.01.21 14:10:10.406,1.2783,1.27852,1.00,1.11
2014.01.21 14:10:16.754,1.27829,1.2785,1.00,1.11
2014.01.21 14:10:18.961,1.27829,1.2785,1.00,1.08
2014.01.21 14:10:26.825,1.27831,1.2785,1.00,1.08
2014.01.21 14:10:34.204,1.2783,1.2785,1.00,1.08
2014.01.21 14:10:34.754,1.27829,1.2785,1.00,1.45
2014.01.21 14:10:38.140,1.27829,1.2785,1.00,1.08
2014.01.21 14:10:46.683,1.27829,1.27846,1.00,1.00
2014.01.21 14:11:22.739,1.2783,1.27846,1.00,1.27
2014.01.21 14:11:23.979,1.27831,1.27846,1.00,1.27
2014.01.21 14:11:31.543,1.2783,1.27846,1.00,1.00
2014.01.21 14:11:42.734,1.2783,1.27847,1.00,1.21
2014.01.21 14:11:43.713,1.27834,1.2785,1.38,1.16
2014.01.21 14:11:44.016,1.27834,1.2785,1.38,1.06
2014.01.21 14:11:44.140,1.27832,1.2785,1.13,1.17
2014.01.21 14:11:44.191,1.27832,1.27846,1.13,1.00
2014.01.21 14:11:44.505,1.27829,1.27845,1.00,1.00
2014.01.21 14:12:12.824,1.27829,1.27844,1.00,1.00
2014.01.21 14:12:35.012,1.27829,1.27845,1.00,1.00
2014.01.21 14:12:35.378,1.27827,1.27844,1.00,1.00
2014.01.21 14:12:50.606,1.27827,1.27847,1.00,1.27
2014.01.21 14:12:51.268,1.27827,1.27846,1.00,1.19
2014.01.21 14:12:56.160,1.27827,1.27848,1.00,1.27
2014.01.21 14:12:57.303,1.27826,1.27847,1.00,1.19
2014.01.21 14:13:03.329,1.27826,1.27847,1.00,1.15
2014.01.21 14:13:06.688,1.27829,1.27852,1.00,1.52
2014.01.21 14:13:15.329,1.27826,1.27846,1.38,1.19
2014.01.21 14:13:16.051,1.27826,1.27846,1.13,1.19
2014.01.21 14:13:17.050,1.27826,1.27846,1.13,2.02
2014.01.21 14:13:19.868,1.27826,1.27846,1.13,2.02
2014.01.21 14:13:23.821,1.27826,1.27846,1.13,2.02
2014.01.21 14:13:33.101,1.27826,1.27845,1.38,1.00
2014.01.21 14:13:33.871,1.27826,1.27845,1.13,1.00
2014.01.21 14:13:34.808,1.27826,1.27845,1.50,1.00
2014.01.21 14:13:35.060,1.27829,1.27845,1.00,1.00
2014.01.21 14:13:36.414,1.27829,1.27852,1.00,1.85
2014.01.21 14:13:54.892,1.27829,1.27846,1.00,1.19
2014.01.21 14:13:55.044,1.27826,1.27846,1.13,1.19
2014.01.21 14:13:55.246,1.2783,1.27846,1.00,1.19
2014.01.21 14:13:56.361,1.27828,1.27849,1.00,1.15
2014.01.21 14:13:56.462,1.27825,1.27848,1.00,1.27
2014.01.21 14:14:08.194,1.27825,1.27848,1.00,2.50
2014.01.21 14:14:12.733,1.27825,1.27847,1.00,1.27
2014.01.21 14:14:13.266,1.27825,1.27847,1.00,1.57
2014.01.21 14:14:22.765,1.27825,1.27845,1.00,1.00
2014.01.21 14:14:27.873,1.27825,1.27844,1.00,1.00
2014.01.21 14:14:32.480,1.27825,1.27848,1.00,1.27
2014.01.21 14:14:36.076,1.27825,1.27848,1.00,1.27
2014.01.21 14:14:37.678,1.27825,1.27848,1.00,1.27
2014.01.21 14:14:38.101,1.27827,1.27848,2.25,1.27
2014.01.21 14:14:51.470,1.27826,1.27848,2.25,1.15
2014.01.21 14:14:52.740,1.27828,1.27847,2.25,1.15
2014.01.21 14:14:54.368,1.27828,1.2785,2.63,1.52
2014.01.21 14:14:54.671,1.27831,1.27849,1.00,1.02
2014.01.21 14:14:55.225,1.27831,1.27849,1.00,1.15
2014.01.21 14:14:56.152,1.27834,1.27849,1.38,1.15
2014.01.21 14:14:56.638,1.27832,1.2785,1.00,1.02
2014.01.21 14:14:56.739,1.27828,1.27849,1.50,1.02
2014.01.21 14:15:06.600,1.27834,1.27849,1.38,1.02
2014.01.21 14:15:07.120,1.27834,1.27853,1.38,1.14
2014.01.21 14:15:08.001,1.27834,1.27854,1.38,1.05
2014.01.21 14:15:09.351,1.27835,1.27855,1.38,1.05
2014.01.21 14:15:12.054,1.27835,1.27853,1.38,1.42
2014.01.21 14:15:12.205,1.27832,1.27848,1.38,1.00
2014.01.21 14:15:12.306,1.27827,1.2785,1.00,1.55
2014.01.21 14:15:12.566,1.27827,1.2785,1.00,1.81
2014.01.21 14:15:12.690,1.27827,1.27848,1.00,1.00
2014.01.21 14:15:13.230,1.27826,1.27849,1.50,1.38
2014.01.21 14:15:23.062,1.27826,1.27849,1.50,2.25
2014.01.21 14:15:23.267,1.27831,1.27852,1.00,1.50
2014.01.21 14:15:23.815,1.2783,1.27851,1.00,1.00
2014.01.21 14:15:26.757,1.27831,1.27852,1.00,1.00
2014.01.21 14:15:53.896,1.27832,1.27853,1.00,1.00
2014.01.21 14:16:16.935,1.27832,1.27855,1.00,1.00
2014.01.21 14:16:23.496,1.27835,1.27856,1.00,1.00
2014.01.21 14:16:23.799,1.27851,1.27856,2.25,1.00
2014.01.21 14:16:23.849,1.27852,1.27861,2.25,1.00
2014.01.21 14:16:24.585,1.27852,1.27864,2.25,1.00
2014.01.21 14:16:24.702,1.27852,1.27872,2.25,1.00
2014.01.21 14:16:25.876,1.27852,1.27874,2.25,1.88
2014.01.21 14:16:27.421,1.27854,1.27874,1.00,1.88
2014.01.21 14:16:28.296,1.27854,1.27874,1.00,1.38
2014.01.21 14:16:29.725,1.27854,1.27874,1.00,1.13
2014.01.21 14:16:35.869,1.27854,1.27871,1.00,1.00
2014.01.21 14:16:42.923,1.27852,1.27871,2.25,1.00
2014.01.21 14:16:45.128,1.27854,1.27871,1.00,1.00
2014.01.21 14:16:45.481,1.27854,1.2787,1.00,1.38
2014.01.21 14:16:45.734,1.27847,1.27866,1.00,1.75
2014.01.21 14:16:45.898,1.27847,1.27863,1.00,1.80
2014.01.21 14:16:45.948,1.27837,1.2786,1.71,1.38
2014.01.21 14:16:46.050,1.27837,1.27857,1.83,1.00
2014.01.21 14:16:46.565,1.27837,1.27857,1.71,1.00
2014.01.21 14:16:47.173,1.27836,1.27856,1.83,1.00
2014.01.21 14:16:50.001,1.27844,1.27858,1.20,1.00
2014.01.21 14:16:50.454,1.27835,1.27856,1.71,1.00
2014.01.21 14:16:51.134,1.27835,1.27855,1.71,1.00
2014.01.21 14:16:52.985,1.27838,1.27859,1.08,1.00
2014.01.21 14:16:54.231,1.27838,1.27859,1.08,1.00
2014.01.21 14:16:55.512,1.27838,1.27857,1.85,1.00
2014.01.21 14:16:56.185,1.2784,1.27859,1.08,1.00
2014.01.21 14:16:57.067,1.2784,1.27855,1.08,1.00
2014.01.21 14:16:57.591,1.27837,1.27856,1.71,1.00
2014.01.21 14:16:58.901,1.27835,1.27856,1.71,1.00
2014.01.21 14:17:01.588,1.27836,1.27856,1.71,1.00
2014.01.21 14:17:22.887,1.27836,1.27856,1.71,1.00
2014.01.21 14:17:39.191,1.27837,1.27857,1.71,1.00
2014.01.21 14:17:40.473,1.27841,1.27857,1.86,1.00
2014.01.21 14:17:41.689,1.27841,1.27857,1.68,1.00
2014.01.21 14:17:42.449,1.27842,1.27862,1.38,1.13
2014.01.21 14:17:42.959,1.27842,1.27862,1.38,1.00
2014.01.21 14:17:44.722,1.27843,1.27862,1.88,1.00
2014.01.21 14:17:47.152,1.27843,1.27862,1.46,1.00
2014.01.21 14:17:55.160,1.27843,1.27862,1.83,1.00
2014.01.21 14:17:55.494,1.27848,1.27862,1.00,1.00
2014.01.21 14:17:55.545,1.27848,1.27864,1.00,1.00
2014.01.21 14:17:55.645,1.27852,1.27864,1.00,1.00
2014.01.21 14:17:55.897,1.27853,1.27867,1.00,1.00
2014.01.21 14:18:14.659,1.27862,1.27867,1.00,1.00
2014.01.21 14:18:14.710,1.27862,1.27872,1.00,1.00
2014.01.21 14:18:14.967,1.27862,1.27874,1.00,1.13
2014.01.21 14:18:22.318,1.27862,1.27877,1.00,1.50
2014.01.21 14:18:22.927,1.27862,1.27877,1.00,1.13
2014.01.21 14:18:23.408,1.27867,1.27877,1.00,1.00
2014.01.21 14:18:23.660,1.27867,1.27881,1.00,1.50
2014.01.21 14:18:23.711,1.27872,1.27881,1.00,1.13
2014.01.21 14:18:23.924,1.2787,1.27884,1.50,1.38
2014.01.21 14:18:25.008,1.2787,1.27884,1.50,1.13
2014.01.21 14:18:26.624,1.2787,1.27884,1.50,1.38
2014.01.21 14:18:26.733,1.2787,1.27884,1.50,1.38
2014.01.21 14:18:26.938,1.27872,1.27884,1.00,1.38
2014.01.21 14:18:26.989,1.27872,1.27884,1.00,1.13
2014.01.21 14:18:30.567,1.27872,1.27888,1.00,1.88
2014.01.21 14:18:30.951,1.27877,1.27888,1.00,1.50
2014.01.21 14:18:31.001,1.27877,1.27893,1.00,1.13
2014.01.21 14:18:31.532,1.27876,1.27893,1.50,1.13
2014.01.21 14:18:37.885,1.27879,1.27893,1.00,1.00
2014.01.21 14:18:38.036,1.2788,1.27897,1.00,1.43
2014.01.21 14:18:41.264,1.2788,1.27898,1.00,1.80
2014.01.21 14:18:47.608,1.27882,1.27901,1.00,1.35
2014.01.21 14:18:47.911,1.27891,1.27902,1.00,1.05
2014.01.21 14:18:48.062,1.27891,1.27907,1.00,3.08
2014.01.21 14:18:48.914,1.2789,1.27906,1.00,1.48
2014.01.21 14:18:49.214,1.2789,1.27906,1.00,1.10
2014.01.21 14:18:50.884,1.27891,1.27908,1.00,3.30
2014.01.21 14:18:53.096,1.2789,1.27908,1.00,3.30
2014.01.21 14:18:53.394,1.2789,1.27906,1.00,1.05
2014.01.21 14:18:54.029,1.2789,1.27906,1.00,1.05
2014.01.21 14:18:57.538,1.27888,1.27906,1.00,1.05
2014.01.21 14:18:58.480,1.27888,1.27906,1.00,1.43
2014.01.21 14:19:00.748,1.27888,1.27906,1.00,1.58
2014.01.21 14:19:01.414,1.27888,1.27906,1.00,1.20
2014.01.21 14:19:01.609,1.27892,1.27906,1.00,1.10
2014.01.21 14:19:01.760,1.2789,1.2791,1.00,3.90
2014.01.21 14:19:36.438,1.2789,1.27909,1.00,3.30
2014.01.21 14:19:40.283,1.2789,1.27909,1.00,3.15
2014.01.21 14:19:40.630,1.2789,1.27908,1.00,2.25
2014.01.21 14:19:40.909,1.2789,1.27908,1.29,2.25
2014.01.21 14:19:41.412,1.2789,1.27908,1.00,2.25
2014.01.21 14:19:51.735,1.27891,1.27911,1.00,1.88
2014.01.21 14:19:52.841,1.2789,1.27909,1.50,1.00
2014.01.21 14:19:53.886,1.2789,1.2791,1.00,1.05
2014.01.21 14:19:54.286,1.2789,1.27909,1.50,1.35
2014.01.21 14:19:57.480,1.27891,1.27909,1.00,1.35
2014.01.21 14:19:57.640,1.27891,1.2791,1.00,1.00
2014.01.21 14:19:57.900,1.27891,1.27909,1.00,1.35
2014.01.21 14:19:58.598,1.27889,1.27909,1.00,1.35
2014.01.21 14:19:59.710,1.27887,1.27908,1.00,1.65
2014.01.21 14:19:59.772,1.27887,1.27908,1.00,2.03
2014.01.21 14:19:59.921,1.27887,1.27908,1.00,1.53
2014.01.21 14:20:00.427,1.27886,1.27909,1.50,5.40
2014.01.21 14:20:00.477,1.27886,1.27909,1.50,5.40
2014.01.21 14:20:00.578,1.27886,1.27906,1.50,1.13
2014.01.21 14:20:00.629,1.27886,1.27903,1.50,1.00
2014.01.21 14:20:00.832,1.27872,1.27893,1.00,1.00
2014.01.21 14:20:01.176,1.27874,1.27897,1.00,1.38
2014.01.21 14:20:01.484,1.27869,1.27892,1.50,1.00
2014.01.21 14:20:03.129,1.27869,1.27892,1.13,1.00
2014.01.21 14:20:03.180,1.27868,1.27889,1.13,1.00
2014.01.21 14:20:05.164,1.27868,1.27888,2.25,1.00
2014.01.21 14:20:08.002,1.27868,1.27889,3.00,1.00
2014.01.21 14:20:12.062,1.27869,1.2789,1.00,1.00
2014.01.21 14:20:12.570,1.27868,1.27889,3.00,1.00
2014.01.21 14:20:12.722,1.27869,1.27891,2.25,1.88
2014.01.21 14:20:13.863,1.27868,1.2789,3.00,1.00
2014.01.21 14:20:14.065,1.27868,1.27888,2.25,1.00
2014.01.21 14:20:15.946,1.27868,1.27886,2.25,1.00
2014.01.21 14:20:16.597,1.27866,1.27886,2.25,1.00
2014.01.21 14:20:26.094,1.27866,1.27886,3.00,1.00
2014.01.21 14:20:26.245,1.27877,1.27895,1.00,1.38
2014.01.21 14:20:26.794,1.27878,1.27895,1.00,1.00
2014.01.21 14:20:33.439,1.27877,1.27895,1.00,1.00
2014.01.21 14:20:34.645,1.27877,1.27896,1.00,1.40
2014.01.21 14:20:34.953,1.27877,1.27895,1.00,1.15
2014.01.21 14:20:35.054,1.27877,1.27895,1.00,1.00
2014.01.21 14:20:47.952,1.27877,1.27896,1.00,1.55
2014.01.21 14:20:48.579,1.27877,1.27896,1.00,1.73
2014.01.21 14:20:49.201,1.27877,1.27886,1.00,1.58
2014.01.21 14:20:49.302,1.27863,1.27884,3.00,1.13
2014.01.21 14:20:49.354,1.27863,1.27884,3.38,1.13
2014.01.21 14:20:49.555,1.27867,1.27886,1.00,1.50
2014.01.21 14:20:50.067,1.27867,1.27887,1.00,1.20
2014.01.21 14:20:55.084,1.27864,1.27887,1.88,1.00
2014.01.21 14:20:55.236,1.27865,1.27885,1.38,1.00
2014.01.21 14:21:00.186,1.27864,1.27885,1.38,1.00
2014.01.21 14:21:00.795,1.27863,1.27885,2.25,1.00
2014.01.21 14:21:04.145,1.27864,1.27885,1.88,1.00
2014.01.21 14:21:04.577,1.27864,1.27885,1.13,1.00
2014.01.21 14:21:05.278,1.27863,1.27885,1.50,1.00
2014.01.21 14:21:11.947,1.27863,1.27885,1.50,1.00
2014.01.21 14:21:16.287,1.27863,1.27885,1.50,1.50
2014.01.21 14:21:23.167,1.27863,1.27885,1.50,1.50
2014.01.21 14:21:23.703,1.27865,1.27885,1.00,1.00
2014.01.21 14:21:25.147,1.27865,1.27885,1.38,1.00
2014.01.21 14:21:25.817,1.27865,1.27885,1.38,1.00
2014.01.21 14:21:25.918,1.27866,1.27887,1.50,2.03
2014.01.21 14:21:31.278,1.27866,1.27887,3.00,1.45
2014.01.21 14:21:31.806,1.27866,1.27887,1.00,1.95
2014.01.21 14:21:32.005,1.27864,1.27885,1.00,1.00
2014.01.21 14:21:32.550,1.27863,1.27883,1.00,1.00
2014.01.21 14:21:32.867,1.27863,1.27879,1.00,1.00
2014.01.21 14:21:32.968,1.27858,1.27879,1.00,1.88
2014.01.21 14:21:33.019,1.27855,1.27876,1.43,1.00
2014.01.21 14:21:33.271,1.27853,1.27876,3.00,1.00
2014.01.21 14:21:33.321,1.27853,1.27873,2.25,1.00
2014.01.21 14:21:33.920,1.2785,1.27873,3.38,1.00
2014.01.21 14:21:34.901,1.27853,1.27873,2.25,1.00
2014.01.21 14:21:35.458,1.27853,1.27874,3.00,1.00
2014.01.21 14:21:42.440,1.27854,1.27874,2.25,1.00
2014.01.21 14:21:43.534,1.27855,1.27874,2.25,1.00
2014.01.21 14:21:55.691,1.27854,1.27874,2.25,1.00
2014.01.21 14:21:57.825,1.27855,1.27874,2.25,1.00
2014.01.21 14:21:58.128,1.27855,1.27875,3.00,1.00
2014.01.21 14:21:58.430,1.27859,1.27875,2.63,1.00
2014.01.21 14:21:58.481,1.27859,1.2788,3.38,1.00
2014.01.21 14:21:58.532,1.27859,1.27882,3.38,1.00
2014.01.21 14:22:00.160,1.27859,1.27882,1.00,1.00
2014.01.21 14:22:00.261,1.27858,1.27878,1.00,1.00
2014.01.21 14:22:00.463,1.27858,1.27881,1.00,1.00
2014.01.21 14:22:00.564,1.27858,1.27881,1.38,1.00
2014.01.21 14:22:01.002,1.27861,1.27884,1.13,1.00
2014.01.21 14:22:05.974,1.27858,1.27881,1.50,1.00
2014.01.21 14:22:06.505,1.27857,1.27878,1.00,1.00
2014.01.21 14:22:07.121,1.27855,1.27878,1.00,1.00
2014.01.21 14:22:16.152,1.27862,1.27878,1.38,1.00
2014.01.21 14:22:16.304,1.27862,1.27883,1.38,1.00
2014.01.21 14:22:16.720,1.27862,1.27885,2.25,1.00
2014.01.21 14:22:22.360,1.27863,1.27885,1.00,1.00
2014.01.21 14:22:22.511,1.27861,1.2788,1.50,1.00
2014.01.21 14:22:22.562,1.27859,1.2788,1.35,1.00
2014.01.21 14:22:22.714,1.27859,1.27882,1.00,1.00
2014.01.21 14:22:22.957,1.27857,1.27877,1.00,1.00
2014.01.21 14:22:23.887,1.27856,1.27877,1.50,1.00
2014.01.21 14:22:24.910,1.27859,1.2788,1.00,1.00
2014.01.21 14:22:28.215,1.27859,1.2788,1.00,1.50
2014.01.21 14:22:28.265,1.27857,1.27878,1.50,1.13
2014.01.21 14:22:28.730,1.27856,1.27876,1.00,1.00
2014.01.21 14:22:29.918,1.27855,1.27876,1.50,1.00
2014.01.21 14:22:31.696,1.27856,1.27876,1.00,1.00
2014.01.21 14:22:42.930,1.27855,1.27876,1.50,1.00
2014.01.21 14:22:48.945,1.27856,1.27876,1.00,1.00
2014.01.21 14:22:52.915,1.27855,1.27876,1.50,1.00
2014.01.21 14:23:05.492,1.27853,1.27876,1.00,1.00
2014.01.21 14:23:22.946,1.27853,1.27873,1.00,1.13
2014.01.21 14:23:23.488,1.27851,1.27873,2.25,1.00
2014.01.21 14:23:24.426,1.2785,1.27873,3.00,1.00
2014.01.21 14:23:24.966,1.27851,1.27871,2.25,1.00
2014.01.21 14:23:26.908,1.2785,1.27869,1.00,3.49
2014.01.21 14:23:27.393,1.2785,1.27861,1.00,1.00
2014.01.21 14:23:35.037,1.27847,1.27861,1.13,1.00
2014.01.21 14:23:48.370,1.27847,1.27861,1.50,1.00
2014.01.21 14:23:48.421,1.27848,1.27867,1.00,1.00
2014.01.21 14:23:48.472,1.27852,1.27867,1.00,1.00
2014.01.21 14:23:48.783,1.2785,1.2787,1.00,2.25
2014.01.21 14:23:49.035,1.27846,1.27869,1.50,1.38
2014.01.21 14:23:49.230,1.27849,1.2787,1.00,2.35
2014.01.21 14:23:51.694,1.2785,1.2787,2.25,1.75
2014.01.21 14:23:51.745,1.2785,1.2787,2.25,1.38
2014.01.21 14:23:51.796,1.2785,1.2787,2.25,1.00
2014.01.21 14:23:52.980,1.2785,1.27872,3.00,1.00
2014.01.21 14:23:54.299,1.2785,1.2787,2.25,1.00
2014.01.21 14:23:55.726,1.27854,1.2787,1.00,1.00
2014.01.21 14:23:55.777,1.27854,1.27874,1.00,1.00
2014.01.21 14:23:55.878,1.27854,1.27872,1.00,1.00
2014.01.21 14:23:56.447,1.27853,1.27873,1.00,2.63
2014.01.21 14:23:57.592,1.27853,1.27872,1.00,1.13
2014.01.21 14:24:04.918,1.2785,1.27872,1.00,1.13
2014.01.21 14:24:07.667,1.27851,1.27872,3.00,1.88
2014.01.21 14:24:08.330,1.27852,1.27872,1.00,1.50
2014.01.21 14:24:11.526,1.27854,1.27872,1.00,1.50
2014.01.21 14:24:18.368,1.27854,1.27872,1.38,1.13
2014.01.21 14:24:18.418,1.27856,1.27875,1.13,1.50
2014.01.21 14:24:18.469,1.27858,1.27876,1.00,2.18
2014.01.21 14:24:18.570,1.27858,1.27879,1.00,1.13
2014.01.21 14:24:18.673,1.2786,1.2788,1.00,1.38
2014.01.21 14:24:18.774,1.2786,1.27883,1.00,4.13
2014.01.21 14:24:19.270,1.27859,1.2788,1.00,1.00
2014.01.21 14:24:22.381,1.27859,1.2788,1.00,1.38
2014.01.21 14:24:22.483,1.27857,1.27879,1.00,1.00
2014.01.21 14:24:22.685,1.27861,1.2788,1.00,1.38
2014.01.21 14:24:22.735,1.27861,1.27882,1.50,2.55
2014.01.21 14:24:23.256,1.27862,1.2788,1.00,1.00
2014.01.21 14:24:30.184,1.27861,1.2788,1.50,1.00
2014.01.21 14:24:32.473,1.27862,1.2788,1.00,1.00
2014.01.21 14:24:33.941,1.27862,1.2788,1.00,1.15
2014.01.21 14:24:34.167,1.27862,1.2788,1.00,1.38
2014.01.21 14:24:34.268,1.27856,1.27879,1.60,1.38
2014.01.21 14:24:36.647,1.27856,1.27879,1.73,1.50
2014.01.21 14:24:37.152,1.27859,1.2788,1.60,1.00
2014.01.21 14:24:38.205,1.27859,1.2788,1.00,1.00
2014.01.21 14:24:38.514,1.27857,1.2788,3.75,1.00
2014.01.21 14:24:39.385,1.27857,1.2788,3.75,1.38
2014.01.21 14:24:39.746,1.27855,1.27878,1.00,1.13
2014.01.21 14:24:42.691,1.27855,1.27876,1.00,1.00
2014.01.21 14:24:43.143,1.27855,1.27873,1.00,1.00
2014.01.21 14:24:43.645,1.27855,1.27871,1.00,1.00
2014.01.21 14:24:52.470,1.27853,1.27871,1.00,1.00
2014.01.21 14:24:55.399,1.27853,1.2787,1.00,1.00
2014.01.21 14:24:55.450,1.27851,1.27869,1.13,1.00
2014.01.21 14:25:03.679,1.27851,1.27868,1.13,1.50
2014.01.21 14:25:04.992,1.2785,1.27867,1.88,1.00
2014.01.21 14:25:09.325,1.27855,1.27867,1.00,1.00
2014.01.21 14:25:12.970,1.27852,1.27867,1.00,1.00
2014.01.21 14:25:14.885,1.27852,1.27873,1.38,1.00
2014.01.21 14:25:14.936,1.27862,1.27873,2.25,1.00
2014.01.21 14:25:14.987,1.27862,1.27878,2.25,1.50
2014.01.21 14:25:15.679,1.27863,1.27878,1.00,1.50
2014.01.21 14:25:16.473,1.27863,1.27877,1.00,1.00
2014.01.21 14:25:17.378,1.27863,1.27878,1.00,1.50
2014.01.21 14:25:18.880,1.27863,1.27877,1.00,1.00
2014.01.21 14:25:19.388,1.27863,1.27878,1.00,1.00
2014.01.21 14:25:19.909,1.27863,1.27877,1.00,1.00
2014.01.21 14:25:22.660,1.27862,1.27877,1.50,1.00
2014.01.21 14:25:24.702,1.27861,1.27877,2.25,1.00
2014.01.21 14:25:25.219,1.27862,1.27877,1.00,1.00
2014.01.21 14:25:33.004,1.27861,1.27877,2.25,1.00
2014.01.21 14:25:33.392,1.27861,1.27869,2.25,1.00
2014.01.21 14:25:33.493,1.27855,1.27867,1.00,1.00
2014.01.21 14:25:33.594,1.27852,1.27867,1.83,1.00
2014.01.21 14:25:34.178,1.27851,1.27867,1.71,1.00
2014.01.21 14:25:52.038,1.27851,1.27867,1.83,1.00
2014.01.21 14:26:01.957,1.27854,1.27867,1.00,1.00
2014.01.21 14:26:02.567,1.27854,1.27868,1.00,1.00
2014.01.21 14:26:02.884,1.27851,1.27865,1.86,1.50
2014.01.21 14:26:04.598,1.27851,1.27865,1.11,1.50
2014.01.21 14:26:07.933,1.27851,1.27867,1.80,1.00
2014.01.21 14:26:08.398,1.27851,1.27865,1.11,1.00
2014.01.21 14:26:08.950,1.27851,1.27865,1.11,1.00
2014.01.21 14:26:12.407,1.27851,1.27866,1.80,1.00
2014.01.21 14:26:12.458,1.27851,1.27868,1.80,1.50
2014.01.21 14:26:28.868,1.27851,1.27865,1.56,1.00
2014.01.21 14:26:29.422,1.27851,1.27865,1.11,1.00
2014.01.21 14:26:30.743,1.2785,1.27865,1.11,1.00
2014.01.21 14:26:32.874,1.2785,1.27866,1.80,1.00
2014.01.21 14:26:32.925,1.2785,1.27868,2.17,1.50
2014.01.21 14:26:33.630,1.27851,1.27868,1.68,1.50
2014.01.21 14:26:47.348,1.27855,1.27868,1.00,1.50
2014.01.21 14:26:49.067,1.27853,1.27868,1.31,1.50
2014.01.21 14:26:49.428,1.2785,1.27865,1.11,1.00
2014.01.21 14:26:50.949,1.2785,1.27865,1.11,1.50
2014.01.21 14:26:53.443,1.2785,1.27868,2.24,1.50
2014.01.21 14:26:53.972,1.2785,1.27868,2.61,1.50
2014.01.21 14:27:04.613,1.27853,1.27868,2.81,1.50
2014.01.21 14:27:07.461,1.27854,1.27868,2.25,1.50
2014.01.21 14:27:10.214,1.27855,1.27868,2.25,1.50
2014.01.21 14:27:11.231,1.27853,1.27868,1.00,1.50
2014.01.21 14:27:16.615,1.27853,1.27868,1.88,1.50
2014.01.21 14:27:16.716,1.27857,1.27873,2.63,1.00
2014.01.21 14:27:18.148,1.27857,1.27872,2.63,1.00
2014.01.21 14:27:19.143,1.27857,1.27873,2.25,1.00
2014.01.21 14:27:20.655,1.27857,1.27872,2.25,1.00
2014.01.21 14:27:21.158,1.27857,1.27873,2.63,1.00
2014.01.21 14:27:21.385,1.27857,1.27868,2.25,1.00
2014.01.21 14:27:21.436,1.27855,1.27868,1.00,1.00
2014.01.21 14:27:21.980,1.27854,1.27868,1.10,1.00
2014.01.21 14:27:25.517,1.27853,1.27868,1.50,1.00
2014.01.21 14:27:41.690,1.27857,1.27868,1.00,1.00
2014.01.21 14:27:43.162,1.27857,1.27867,1.00,1.00
2014.01.21 14:27:43.264,1.27853,1.27867,1.00,1.00
2014.01.21 14:27:48.459,1.27852,1.27867,1.00,1.00
2014.01.21 14:27:48.711,1.27853,1.27865,1.00,1.00
2014.01.21 14:27:48.761,1.27851,1.27865,1.50,1.00
2014.01.21 14:27:53.724,1.27851,1.27867,1.13,1.00
2014.01.21 14:27:53.825,1.27853,1.27867,1.00,1.00
2014.01.21 14:27:55.983,1.27853,1.27866,1.00,1.00
2014.01.21 14:27:56.034,1.27851,1.27866,1.00,1.50
2014.01.21 14:28:01.035,1.27851,1.27868,1.13,1.50
2014.01.21 14:28:01.086,1.27853,1.27868,1.00,1.50
2014.01.21 14:28:01.393,1.27851,1.27865,1.00,1.00
2014.01.21 14:28:05.435,1.27851,1.27867,1.88,1.00
2014.01.21 14:28:07.478,1.27852,1.27866,1.00,1.00
2014.01.21 14:28:07.983,1.27851,1.27866,1.50,1.00
2014.01.21 14:28:20.418,1.27851,1.27865,1.50,1.00
2014.01.21 14:28:21.249,1.2785,1.27865,1.00,1.00
2014.01.21 14:28:23.051,1.27852,1.27865,1.00,1.00
2014.01.21 14:28:24.709,1.27854,1.27869,1.00,1.00
2014.01.21 14:28:28.231,1.27852,1.27868,1.22,1.00
2014.01.21 14:28:36.001,1.27852,1.27868,1.00,1.00
2014.01.21 14:29:06.983,1.27852,1.27868,1.50,1.00
2014.01.21 14:29:14.397,1.27852,1.2787,1.00,2.25
2014.01.21 14:29:14.548,1.27854,1.27869,1.00,1.50
2014.01.21 14:29:24.557,1.27853,1.27869,1.00,2.25
2014.01.21 14:29:25.194,1.27852,1.27868,1.00,1.00
2014.01.21 14:29:26.109,1.27852,1.27866,1.00,1.38
2014.01.21 14:29:26.260,1.27848,1.27861,1.00,1.00
2014.01.21 14:29:26.361,1.27846,1.27861,1.00,1.00
2014.01.21 14:29:26.462,1.27846,1.27858,1.00,1.00
2014.01.21 14:29:29.665,1.27846,1.27861,1.50,1.00
2014.01.21 14:29:30.193,1.27846,1.27862,2.25,1.00
2014.01.21 14:29:30.803,1.27846,1.27862,2.25,1.00
2014.01.21 14:29:31.037,1.27848,1.27864,1.50,1.00
2014.01.21 14:29:31.586,1.27848,1.27865,1.50,1.00
2014.01.21 14:29:33.384,1.27848,1.2787,1.50,1.50
2014.01.21 14:29:34.277,1.27848,1.27865,1.50,1.00
2014.01.21 14:29:34.606,1.27848,1.2787,1.50,1.50
2014.01.21 14:29:35.607,1.27848,1.27866,1.50,1.50
2014.01.21 14:30:00.130,1.27852,1.27866,1.00,1.50
2014.01.21 14:30:04.118,1.27852,1.27865,1.00,1.00
2014.01.21 14:30:05.506,1.27852,1.27866,1.00,1.00
2014.01.21 14:30:05.617,1.27849,1.2787,1.00,2.25
2014.01.21 14:30:06.035,1.27851,1.2787,1.00,2.25
2014.01.21 14:30:06.388,1.27853,1.2787,1.00,2.25
2014.01.21 14:30:16.106,1.27851,1.2787,1.50,2.25
2014.01.21 14:30:16.157,1.27851,1.27865,1.00,1.00
2014.01.21 14:30:16.207,1.27849,1.27864,1.00,1.00
2014.01.21 14:30:16.744,1.27848,1.27864,1.00,1.00
2014.01.21 14:30:17.999,1.27852,1.27864,1.00,1.00
2014.01.21 14:30:18.315,1.27851,1.27857,1.00,1.00
2014.01.21 14:30:18.416,1.27851,1.27865,1.00,1.00
2014.01.21 14:30:18.517,1.27851,1.27869,1.00,1.50
2014.01.21 14:30:19.168,1.27852,1.27869,1.00,1.50
2014.01.21 14:30:28.631,1.27852,1.27866,1.00,1.00
2014.01.21 14:30:29.135,1.27851,1.27865,1.00,1.00
2014.01.21 14:30:31.152,1.27851,1.27863,1.00,1.00
2014.01.21 14:30:31.204,1.27849,1.27863,1.00,1.00
2014.01.21 14:30:31.432,1.27849,1.27858,1.00,1.00
2014.01.21 14:30:32.537,1.27845,1.27858,1.00,1.50
2014.01.21 14:30:33.384,1.27845,1.27858,1.00,2.25
2014.01.21 14:30:33.485,1.27832,1.27848,1.58,1.00
2014.01.21 14:30:33.687,1.27827,1.27848,1.88,1.00
2014.01.21 14:30:33.838,1.27825,1.27848,1.00,1.00
2014.01.21 14:30:35.036,1.2783,1.27853,1.00,1.88
2014.01.21 14:30:35.394,1.27828,1.27851,1.00,1.00
2014.01.21 14:30:38.371,1.27828,1.27848,1.00,1.00
2014.01.21 14:30:38.974,1.27828,1.27847,1.00,1.00
2014.01.21 14:30:40.210,1.27828,1.27842,1.00,1.50
2014.01.21 14:30:40.807,1.27826,1.27842,1.00,1.50
2014.01.21 14:30:40.875,1.27826,1.2784,1.00,1.00
2014.01.21 14:30:46.469,1.27826,1.27841,1.00,1.00
2014.01.21 14:30:46.912,1.27828,1.27841,1.00,1.00
2014.01.21 14:30:57.424,1.27828,1.27843,1.00,1.00
2014.01.21 14:30:57.526,1.27829,1.27849,1.00,1.50
2014.01.21 14:30:57.727,1.27829,1.27847,1.00,1.00
2014.01.21 14:31:00.220,1.27829,1.27846,1.00,1.00
2014.01.21 14:31:02.117,1.27829,1.27842,1.00,1.00
2014.01.21 14:31:02.224,1.27827,1.27842,1.00,1.00
2014.01.21 14:31:04.414,1.27825,1.27842,1.00,1.00
2014.01.21 14:31:04.465,1.27825,1.27839,1.00,1.00
2014.01.21 14:31:04.731,1.27822,1.27838,1.00,1.00
2014.01.21 14:31:05.678,1.27822,1.27832,1.00,1.50
2014.01.21 14:31:06.744,1.27819,1.27832,1.00,2.25
2014.01.21 14:31:10.248,1.27819,1.27831,1.00,1.50
2014.01.21 14:31:13.521,1.27817,1.27831,1.13,1.50
2014.01.21 14:31:20.840,1.27817,1.27837,1.13,1.50
2014.01.21 14:31:21.347,1.27817,1.27838,1.13,1.00
2014.01.21 14:31:21.753,1.27815,1.27837,1.00,1.00
2014.01.21 14:31:22.723,1.27815,1.27837,1.00,1.38
2014.01.21 14:31:23.398,1.27815,1.27834,1.50,1.00
2014.01.21 14:31:25.997,1.27816,1.27834,1.00,1.50
2014.01.21 14:31:27.970,1.27816,1.27834,1.00,1.88
2014.01.21 14:31:28.021,1.27813,1.27832,1.13,1.00
2014.01.21 14:31:28.071,1.27813,1.27832,1.00,1.38
2014.01.21 14:31:28.223,1.27809,1.27829,1.38,1.88
2014.01.21 14:31:28.325,1.27806,1.27829,1.00,1.88
2014.01.21 14:31:28.426,1.27812,1.2783,1.00,1.50
2014.01.21 14:31:28.628,1.27812,1.27831,1.00,1.50
2014.01.21 14:31:28.792,1.2781,1.27831,1.00,1.50
2014.01.21 14:31:28.963,1.27808,1.27829,1.00,1.00
2014.01.21 14:31:35.455,1.27804,1.27827,1.00,1.00
2014.01.21 14:31:35.714,1.27806,1.27829,1.00,1.00
2014.01.21 14:31:37.274,1.27806,1.27828,1.00,2.25
2014.01.21 14:31:42.903,1.27806,1.27828,1.00,2.63
2014.01.21 14:31:43.004,1.27794,1.27817,2.25,1.00
2014.01.21 14:31:43.206,1.27794,1.27817,1.13,1.00
2014.01.21 14:31:43.257,1.27793,1.27814,1.38,1.00
2014.01.21 14:31:43.613,1.2779,1.27811,1.50,1.00
2014.01.21 14:31:54.583,1.27796,1.27811,1.38,1.00
2014.01.21 14:31:54.937,1.27796,1.27816,1.75,1.00
2014.01.21 14:31:55.038,1.27796,1.27816,1.50,1.00
2014.01.21 14:32:13.675,1.27796,1.27816,2.25,1.00
2014.01.21 14:32:13.822,1.27796,1.27816,2.25,1.00
2014.01.21 14:32:14.130,1.27796,1.27809,1.75,1.00
2014.01.21 14:32:14.231,1.27795,1.27809,1.00,1.00
2014.01.21 14:32:14.433,1.27796,1.27812,1.38,1.00
2014.01.21 14:32:14.484,1.27796,1.27819,2.25,1.15
2014.01.21 14:32:14.535,1.27798,1.27819,1.13,1.00
2014.01.21 14:32:14.686,1.27796,1.27819,1.00,1.38
2014.01.21 14:32:14.838,1.2779,1.27811,3.75,1.00
2014.01.21 14:32:15.090,1.27791,1.27814,4.13,1.00
2014.01.21 14:32:21.893,1.27791,1.27811,1.13,1.00
2014.01.21 14:32:26.004,1.27795,1.27816,1.00,1.00
2014.01.21 14:32:44.069,1.27795,1.27806,1.00,1.00
2014.01.21 14:32:44.472,1.27795,1.27816,1.00,1.00
2014.01.21 14:32:44.775,1.27797,1.27818,1.00,1.00
2014.01.21 14:32:45.981,1.27796,1.27817,1.00,1.00
2014.01.21 14:33:02.161,1.27796,1.27817,1.38,1.00
2014.01.21 14:33:02.970,1.27799,1.27818,1.13,1.00
2014.01.21 14:33:04.852,1.27799,1.27818,1.38,1.00
2014.01.21 14:33:05.155,1.27808,1.27821,1.00,1.00
2014.01.21 14:33:05.494,1.27811,1.27821,1.00,1.00
2014.01.21 14:33:06.192,1.27811,1.27822,1.00,1.00
2014.01.21 14:33:11.688,1.27811,1.27825,1.00,1.00
2014.01.21 14:33:11.754,1.27811,1.27827,1.00,1.00
2014.01.21 14:33:18.222,1.27812,1.27827,1.00,1.00
2014.01.21 14:33:20.133,1.27812,1.27826,1.00,1.00
2014.01.21 14:33:20.652,1.27815,1.27827,1.00,1.00
2014.01.21 14:33:21.005,1.27821,1.27826,1.00,1.00
2014.01.21 14:33:21.206,1.27819,1.27826,1.00,1.00
2014.01.21 14:33:23.068,1.27819,1.27828,1.00,1.00
2014.01.21 14:33:30.254,1.27821,1.27828,1.00,1.00
2014.01.21 14:33:30.434,1.27819,1.27828,1.00,1.00
2014.01.21 14:33:33.403,1.2782,1.27828,1.00,1.00
2014.01.21 14:33:33.504,1.2782,1.27833,1.00,1.00
2014.01.21 14:33:33.655,1.2782,1.27837,1.00,1.00
2014.01.21 14:33:34.343,1.27819,1.27837,1.00,1.00
2014.01.21 14:33:34.943,1.2782,1.27837,1.00,1.00
2014.01.21 14:33:37.772,1.2782,1.27836,1.00,1.00
2014.01.21 14:33:41.732,1.2782,1.27837,1.00,1.00
2014.01.21 14:33:42.977,1.2782,1.27836,1.00,1.00
2014.01.21 14:33:48.916,1.2782,1.27837,1.00,1.00
2014.01.21 14:33:59.036,1.2782,1.27836,1.00,1.00
2014.01.21 14:34:02.523,1.27821,1.27836,1.00,1.00
2014.01.21 14:34:05.943,1.27819,1.27836,1.00,1.00
2014.01.21 14:34:06.501,1.27819,1.27837,1.00,1.00
2014.01.21 14:34:07.064,1.27821,1.27837,1.00,1.00
2014.01.21 14:34:07.622,1.2782,1.27837,1.00,1.00
2014.01.21 14:34:11.362,1.2782,1.27836,1.00,1.00
2014.01.21 14:34:13.577,1.2782,1.27837,1.00,1.00
2014.01.21 14:34:16.922,1.27817,1.27837,1.00,1.00
2014.01.21 14:34:17.260,1.27815,1.27837,1.00,1.00
2014.01.21 14:34:18.365,1.27815,1.27836,1.00,1.00
2014.01.21 14:34:23.212,1.27816,1.27836,1.00,1.00
2014.01.21 14:34:23.859,1.27816,1.27837,1.00,1.00
2014.01.21 14:34:24.040,1.27816,1.27825,1.00,1.00
2014.01.21 14:34:24.550,1.27817,1.27825,1.00,1.00
2014.01.21 14:34:25.972,1.27817,1.27826,1.00,1.50
2014.01.21 14:34:26.371,1.27817,1.27828,1.00,1.00
2014.01.21 14:34:26.472,1.27817,1.27835,1.00,1.00
2014.01.21 14:34:26.724,1.27819,1.27836,1.00,1.00
2014.01.21 14:34:27.703,1.27821,1.27836,1.00,1.00
2014.01.21 14:34:28.263,1.2782,1.27836,1.00,1.00
2014.01.21 14:34:31.022,1.27821,1.27836,1.00,1.00
2014.01.21 14:34:31.571,1.2782,1.27836,1.00,1.00
2014.01.21 14:34:32.113,1.27819,1.27836,1.00,1.00
2014.01.21 14:34:32.783,1.27818,1.27837,1.00,1.00
2014.01.21 14:34:37.901,1.27819,1.27836,1.00,1.00
2014.01.21 14:34:38.239,1.27821,1.27836,1.00,1.00
2014.01.21 14:34:38.620,1.27823,1.27836,1.00,1.00
2014.01.21 14:34:39.389,1.27823,1.27837,1.00,1.00
2014.01.21 14:34:45.706,1.27823,1.27836,1.00,1.00
2014.01.21 14:34:45.756,1.27816,1.27836,1.13,1.00
2014.01.21 14:34:46.322,1.27816,1.27836,1.38,1.00
2014.01.21 14:34:46.850,1.27816,1.27836,1.13,1.00
2014.01.21 14:34:47.364,1.27816,1.27836,1.38,1.00
2014.01.21 14:34:48.411,1.27816,1.27836,1.00,1.00
2014.01.21 14:34:49.402,1.27816,1.27836,1.38,1.00
2014.01.21 14:34:49.945,1.27816,1.27836,1.13,1.13
2014.01.21 14:34:50.452,1.27816,1.27836,1.38,1.13
2014.01.21 14:34:50.999,1.27816,1.27836,1.13,1.13
2014.01.21 14:34:52.700,1.27814,1.27836,2.63,1.13
2014.01.21 14:34:53.259,1.27814,1.27836,1.88,1.13
2014.01.21 14:34:54.680,1.27814,1.27836,2.63,1.13
2014.01.21 14:35:00.730,1.27814,1.27836,2.63,1.13
2014.01.21 14:35:03.850,1.27815,1.27836,1.38,1.13
2014.01.21 14:35:03.901,1.27819,1.27836,1.00,1.13
2014.01.21 14:35:04.230,1.27823,1.27836,1.00,1.00
2014.01.21 14:35:17.192,1.27823,1.27837,1.00,1.00
2014.01.21 14:35:32.090,1.27823,1.27836,1.00,1.00
2014.01.21 14:35:35.691,1.27823,1.27837,1.00,1.00
2014.01.21 14:35:36.095,1.27821,1.27837,1.00,1.00
2014.01.21 14:35:36.767,1.27821,1.27836,1.00,1.00
2014.01.21 14:36:18.892,1.27821,1.27837,1.00,1.00
2014.01.21 14:36:21.442,1.27823,1.27837,1.00,1.00
2014.01.21 14:36:22.028,1.27823,1.27836,1.00,1.00
2014.01.21 14:36:23.863,1.27823,1.27837,1.00,1.00
2014.01.21 14:36:42.059,1.27823,1.27841,1.00,1.00
2014.01.21 14:36:42.159,1.27823,1.27843,1.00,1.00
2014.01.21 14:36:42.210,1.27823,1.27845,1.00,2.25
2014.01.21 14:36:53.564,1.27823,1.27844,1.00,2.25
2014.01.21 14:36:54.091,1.27821,1.27843,1.00,1.13
2014.01.21 14:36:55.710,1.27821,1.27842,1.00,1.00
2014.01.21 14:36:58.980,1.27823,1.27842,1.00,1.13
2014.01.21 14:37:12.032,1.27823,1.27841,1.00,2.25
2014.01.21 14:37:21.556,1.27823,1.27839,1.50,2.25
2014.01.21 14:37:22.992,1.27823,1.2784,1.00,2.25
2014.01.21 14:37:23.538,1.27823,1.27842,1.00,2.63
2014.01.21 14:37:28.477,1.27825,1.27846,1.00,4.13
2014.01.21 14:37:28.528,1.27825,1.27846,1.00,3.75
2014.01.21 14:37:40.149,1.27825,1.27844,1.00,2.25
2014.01.21 14:37:40.752,1.27825,1.27845,1.00,2.25
2014.01.21 14:37:48.620,1.27825,1.27844,1.00,2.25
2014.01.21 14:37:49.237,1.27825,1.27843,1.00,2.25
2014.01.21 14:37:53.371,1.27825,1.27842,1.00,2.25
2014.01.21 14:37:57.999,1.27825,1.27844,1.00,3.00
2014.01.21 14:38:03.308,1.27825,1.27845,1.00,2.25
2014.01.21 14:38:09.162,1.27825,1.27844,1.00,2.25
2014.01.21 14:38:11.495,1.27825,1.27845,1.00,2.25
2014.01.21 14:38:11.709,1.27825,1.27841,1.00,2.25
2014.01.21 14:38:12.835,1.27825,1.27845,1.00,2.25
2014.01.21 14:38:24.438,1.27824,1.27845,1.00,2.25
2014.01.21 14:38:24.594,1.27824,1.27842,1.00,2.25
2014.01.21 14:38:24.695,1.27824,1.27845,1.00,3.00
2014.01.21 14:38:28.666,1.27824,1.27844,1.00,2.25
2014.01.21 14:38:29.796,1.27824,1.27842,1.00,2.25
2014.01.21 14:38:30.620,1.27824,1.27846,1.00,2.25
2014.01.21 14:38:44.319,1.27825,1.27846,1.38,2.25
2014.01.21 14:38:45.985,1.27826,1.27847,1.00,3.00
2014.01.21 14:38:46.959,1.27825,1.27847,2.25,3.00
2014.01.21 14:38:48.719,1.27826,1.27847,1.00,3.00
2014.01.21 14:38:51.358,1.27825,1.27847,1.75,3.00
2014.01.21 14:38:51.887,1.27825,1.27844,1.38,2.25
2014.01.21 14:38:52.119,1.27824,1.27845,1.00,2.25
2014.01.21 14:38:52.651,1.27824,1.27844,1.00,2.25
2014.01.21 14:38:53.317,1.27824,1.27843,1.00,2.25
2014.01.21 14:38:53.929,1.27824,1.27846,1.00,2.25
2014.01.21 14:39:06.439,1.27824,1.27847,1.00,1.00
2014.01.21 14:39:08.411,1.27824,1.27845,1.00,1.75
2014.01.21 14:39:08.462,1.27822,1.27845,1.00,2.25
2014.01.21 14:39:09.389,1.27822,1.27844,1.00,1.00
2014.01.21 14:39:10.206,1.27822,1.27844,1.00,1.88
2014.01.21 14:39:13.220,1.27822,1.27845,1.13,1.00
2014.01.21 14:39:13.758,1.27823,1.27846,1.00,1.00
2014.01.21 14:39:29.840,1.27823,1.27846,1.00,1.38
2014.01.21 14:39:30.364,1.27823,1.27844,1.00,1.50
2014.01.21 14:39:32.245,1.27823,1.27843,1.00,1.88
2014.01.21 14:39:33.953,1.27823,1.27844,1.00,1.00
2014.01.21 14:39:34.004,1.27823,1.27846,1.00,3.00
2014.01.21 14:39:37.901,1.27823,1.27846,1.00,3.75
2014.01.21 14:39:38.404,1.27823,1.27842,1.00,1.00
2014.01.21 14:39:42.749,1.27824,1.27842,1.00,1.13
2014.01.21 14:39:43.113,1.27824,1.27845,1.00,1.00
2014.01.21 14:39:50.173,1.27824,1.27839,1.00,1.00
2014.01.21 14:39:50.274,1.27816,1.27835,1.50,1.00
2014.01.21 14:39:51.848,1.27816,1.27835,1.88,1.00
2014.01.21 14:39:51.998,1.27819,1.27835,1.00,1.00
2014.01.21 14:39:52.314,1.27823,1.27838,1.00,1.00
2014.01.21 14:39:52.616,1.27826,1.27845,1.00,4.13
2014.01.21 14:39:52.667,1.27824,1.27843,1.00,1.00
2014.01.21 14:39:53.228,1.27823,1.27843,1.50,2.63
2014.01.21 14:39:54.460,1.27824,1.27845,1.00,3.00
2014.01.21 14:39:55.456,1.27824,1.27844,1.00,2.25
2014.01.21 14:39:56.770,1.27823,1.27843,1.00,3.00
2014.01.21 14:39:59.045,1.27823,1.27843,1.00,4.50
2014.01.21 14:40:18.620,1.27823,1.27841,1.00,1.00
2014.01.21 14:40:24.615,1.27823,1.2784,1.00,1.00
2014.01.21 14:40:24.716,1.27823,1.27843,1.00,4.50
2014.01.21 14:40:29.451,1.27823,1.27841,1.00,1.00
2014.01.21 14:40:37.114,1.27823,1.27843,1.00,3.38
2014.01.21 14:40:39.381,1.27823,1.27843,1.00,3.00
2014.01.21 14:40:39.965,1.27823,1.27842,1.00,1.00
2014.01.21 14:40:46.287,1.27823,1.27841,1.00,1.00
2014.01.21 14:41:06.458,1.27823,1.27838,1.00,1.00
2014.01.21 14:41:06.643,1.27823,1.27842,1.00,1.00
2014.01.21 14:41:06.794,1.2782,1.27842,1.00,1.00
2014.01.21 14:41:06.938,1.2782,1.27839,1.00,1.00
2014.01.21 14:41:07.240,1.27811,1.27831,2.25,3.75
2014.01.21 14:41:07.317,1.27808,1.27831,1.50,3.38
2014.01.21 14:41:07.864,1.27808,1.27829,1.00,1.00
2014.01.21 14:41:10.975,1.2781,1.2783,1.00,2.25
2014.01.21 14:41:11.193,1.2781,1.27832,1.00,1.88
2014.01.21 14:41:11.294,1.27809,1.2783,1.00,1.00
2014.01.21 14:41:19.265,1.2781,1.27833,1.00,1.50
2014.01.21 14:41:19.915,1.2781,1.27832,1.00,1.00
2014.01.21 14:41:20.630,1.2781,1.27833,1.00,1.50
2014.01.21 14:41:23.064,1.27809,1.2783,1.00,1.00
2014.01.21 14:41:42.481,1.27809,1.27829,1.00,1.00
2014.01.21 14:41:42.742,1.27807,1.27829,1.00,2.63
2014.01.21 14:41:43.065,1.27809,1.27829,1.00,2.63
2014.01.21 14:41:43.614,1.27808,1.27829,1.00,3.38
2014.01.21 14:41:46.422,1.27808,1.27827,1.00,1.00
2014.01.21 14:41:47.759,1.27811,1.27827,1.00,1.00
2014.01.21 14:41:48.062,1.27809,1.27827,1.00,1.00
2014.01.21 14:41:48.315,1.27807,1.27828,1.00,2.63
2014.01.21 14:41:49.197,1.27807,1.27827,1.00,3.00
2014.01.21 14:41:51.400,1.27807,1.2783,1.00,1.00
2014.01.21 14:41:51.601,1.27811,1.27832,1.00,1.00
2014.01.21 14:41:51.799,1.27808,1.27831,1.00,3.75
2014.01.21 14:41:54.619,1.27808,1.27831,1.00,1.38
2014.01.21 14:41:57.260,1.2781,1.27829,1.00,2.63
2014.01.21 14:41:58.309,1.2781,1.27829,1.00,2.25
2014.01.21 14:41:58.763,1.27811,1.27832,1.00,3.38
2014.01.21 14:42:03.135,1.27811,1.27832,1.00,3.00
2014.01.21 14:42:08.399,1.27811,1.27829,1.00,1.00
2014.01.21 14:42:08.709,1.27811,1.27832,1.00,3.75
2014.01.21 14:42:17.106,1.27811,1.27829,1.00,1.00
2014.01.21 14:42:20.934,1.27811,1.27828,1.00,1.00
2014.01.21 14:42:21.085,1.27811,1.2783,1.00,1.00
2014.01.21 14:42:21.186,1.27811,1.27832,1.00,2.25
2014.01.21 14:42:27.626,1.27811,1.27832,1.00,2.63
2014.01.21 14:42:27.677,1.27811,1.27828,1.00,2.25
2014.01.21 14:42:27.728,1.27804,1.27827,1.00,1.38
2014.01.21 14:42:28.073,1.27804,1.27827,1.00,3.38
2014.01.21 14:42:29.619,1.27804,1.27823,1.00,1.00
2014.01.21 14:42:30.633,1.27804,1.27822,1.00,1.00
2014.01.21 14:42:35.922,1.27804,1.27823,1.00,1.00
2014.01.21 14:42:38.857,1.27804,1.27825,1.00,1.00
2014.01.21 14:42:45.351,1.27804,1.27823,1.00,1.00
2014.01.21 14:42:45.502,1.27804,1.27827,1.00,1.00
2014.01.21 14:42:45.553,1.27811,1.2783,1.00,1.00
2014.01.21 14:42:45.604,1.27811,1.27832,1.00,1.00
2014.01.21 14:42:50.386,1.27811,1.27832,1.00,1.75
2014.01.21 14:42:50.537,1.27809,1.2783,1.00,1.38
2014.01.21 14:42:51.190,1.27809,1.27828,1.00,2.25
2014.01.21 14:42:51.295,1.27807,1.27828,1.00,2.25
2014.01.21 14:42:51.677,1.27807,1.27826,1.00,1.38
2014.01.21 14:42:51.778,1.27804,1.27825,1.00,1.38
2014.01.21 14:42:52.317,1.27803,1.27825,1.00,1.38
2014.01.21 14:42:52.868,1.27803,1.27825,1.00,1.38
2014.01.21 14:42:53.099,1.27803,1.27822,1.00,1.00
2014.01.21 14:43:00.201,1.27805,1.27822,1.00,1.13
2014.01.21 14:43:09.701,1.27805,1.27823,1.00,1.00
2014.01.21 14:43:16.869,1.27806,1.27824,1.00,1.38
2014.01.21 14:43:17.020,1.27808,1.2783,1.00,1.50
2014.01.21 14:43:17.222,1.2781,1.27833,1.00,1.00
2014.01.21 14:43:18.712,1.2781,1.27832,1.00,1.00
2014.01.21 14:43:25.094,1.2781,1.27833,1.00,1.50
2014.01.21 14:43:27.913,1.27811,1.27833,1.00,1.00
2014.01.21 14:43:32.912,1.27811,1.27834,1.00,1.00
2014.01.21 14:43:41.407,1.27811,1.27834,1.00,1.50
2014.01.21 14:43:41.559,1.27808,1.27831,1.00,1.38
2014.01.21 14:43:42.193,1.27809,1.27832,1.00,3.75
2014.01.21 14:43:43.354,1.27808,1.27831,1.00,2.25
2014.01.21 14:43:51.870,1.27808,1.2783,1.00,1.00
2014.01.21 14:43:52.022,1.27812,1.27833,1.00,1.00
2014.01.21 14:45:06.969,1.27812,1.27828,1.00,1.38
2014.01.21 14:45:07.021,1.27807,1.27828,1.00,1.38
2014.01.21 14:45:07.172,1.27807,1.27828,1.00,1.38
2014.01.21 14:45:07.291,1.27808,1.27828,1.00,1.38
2014.01.21 14:45:07.816,1.27808,1.27828,1.00,1.38
2014.01.21 14:45:07.921,1.27808,1.27828,1.00,1.38
2014.01.21 14:45:08.509,1.27808,1.27828,1.00,3.38
2014.01.21 14:45:09.615,1.27808,1.27823,1.00,1.00
2014.01.21 14:45:10.201,1.27808,1.27823,1.00,1.38
2014.01.21 14:45:11.997,1.27808,1.27823,1.00,1.13
2014.01.21 14:45:13.908,1.27808,1.27823,1.00,1.38
2014.01.21 14:45:15.622,1.27811,1.27823,1.00,1.38
2014.01.21 14:45:15.773,1.27811,1.27833,1.00,1.00
2014.01.21 14:45:16.282,1.27811,1.27834,1.00,1.00
2014.01.21 14:45:23.459,1.27811,1.27833,1.00,1.00
2014.01.21 14:45:24.943,1.27811,1.27834,1.00,1.00
2014.01.21 14:45:37.033,1.27813,1.27834,1.00,1.00
2014.01.21 14:45:37.235,1.27815,1.27838,1.00,3.00
2014.01.21 14:46:24.630,1.27816,1.27839,1.00,1.13
2014.01.21 14:46:53.012,1.27818,1.27841,1.00,1.50
2014.01.21 14:46:53.329,1.2782,1.27843,1.00,1.13
2014.01.21 14:46:54.227,1.2782,1.27841,1.00,1.00
2014.01.21 14:46:54.911,1.2782,1.27841,1.38,1.00
2014.01.21 14:46:55.216,1.27822,1.27843,1.50,1.13
2014.01.21 14:46:57.203,1.27823,1.27843,1.00,1.13
2014.01.21 14:46:57.656,1.27823,1.27845,1.00,3.75
2014.01.21 14:46:57.706,1.27823,1.27845,1.38,3.75
2014.01.21 14:46:58.509,1.27825,1.27847,1.88,2.25
2014.01.21 14:47:01.900,1.2783,1.27848,1.38,1.00
2014.01.21 14:47:02.051,1.27832,1.27853,1.00,1.00
2014.01.21 14:47:02.594,1.27832,1.27852,1.00,1.00
2014.01.21 14:47:14.691,1.27831,1.27852,1.00,1.00
2014.01.21 14:47:15.215,1.27832,1.27853,1.50,1.00
2014.01.21 14:47:18.887,1.27833,1.27853,1.00,1.00
2014.01.21 14:47:25.968,1.27832,1.27853,1.00,1.00
2014.01.21 14:47:28.377,1.27834,1.27853,1.00,1.00
2014.01.21 14:47:39.611,1.27835,1.27853,1.00,1.00
2014.01.21 14:47:42.454,1.27836,1.27853,1.00,1.00
2014.01.21 14:47:47.887,1.27837,1.27853,1.00,1.00
2014.01.21 14:47:52.178,1.27833,1.27853,1.00,1.00
2014.01.21 14:47:53.549,1.27834,1.27853,1.00,1.00
2014.01.21 14:47:54.853,1.27835,1.27853,1.00,1.00
2014.01.21 14:48:06.598,1.27836,1.27853,1.00,1.00
2014.01.21 14:48:06.699,1.27839,1.27853,1.00,1.00
2014.01.21 14:48:06.749,1.27839,1.27861,1.50,1.00
2014.01.21 14:48:06.901,1.27853,1.27862,1.00,1.00
2014.01.21 14:48:07.052,1.27853,1.27865,1.00,1.00
2014.01.21 14:48:07.201,1.27844,1.27867,1.50,1.00
2014.01.21 14:48:07.302,1.27848,1.27867,2.10,1.00
2014.01.21 14:48:07.582,1.27844,1.27867,1.00,1.00
2014.01.21 14:48:07.737,1.27846,1.27867,1.00,1.00
2014.01.21 14:48:08.057,1.27848,1.27869,1.00,1.38
2014.01.21 14:48:08.360,1.27848,1.27858,1.00,1.00
2014.01.21 14:48:08.511,1.2785,1.27866,1.00,1.00
2014.01.21 14:48:08.562,1.2785,1.27873,1.00,1.00
2014.01.21 14:48:08.713,1.2785,1.27871,1.00,1.00
2014.01.21 14:48:09.458,1.27849,1.2787,1.00,1.00
2014.01.21 14:48:11.658,1.27848,1.27869,1.00,1.00
2014.01.21 14:48:12.978,1.27845,1.27866,1.00,1.00
2014.01.21 14:48:13.230,1.27843,1.27866,1.00,1.00
2014.01.21 14:48:14.358,1.27843,1.27859,1.00,1.00
2014.01.21 14:48:14.762,1.27845,1.27858,1.00,1.00
2014.01.21 14:48:14.812,1.27845,1.27866,1.00,1.50
2014.01.21 14:48:14.964,1.27843,1.27864,1.00,1.00
2014.01.21 14:48:17.909,1.27843,1.27864,1.00,1.38
2014.01.21 14:48:18.111,1.2784,1.27861,1.00,1.00
2014.01.21 14:48:18.564,1.27843,1.27863,1.00,2.25
2014.01.21 14:48:18.742,1.27843,1.27866,1.00,1.50
2014.01.21 14:48:19.452,1.27843,1.27864,1.00,2.25
2014.01.21 14:48:21.488,1.27843,1.27866,1.00,1.50
2014.01.21 14:48:24.704,1.27847,1.27866,1.00,2.25
2014.01.21 14:48:26.608,1.27846,1.27868,1.00,4.13
2014.01.21 14:48:27.128,1.27846,1.27868,1.00,3.75
2014.01.21 14:48:27.670,1.27846,1.27867,1.00,2.25
2014.01.21 14:48:33.495,1.27845,1.27867,1.50,2.63
2014.01.21 14:48:34.915,1.27848,1.27866,1.00,2.25
2014.01.21 14:48:39.393,1.27848,1.27866,1.00,4.13
2014.01.21 14:48:40.004,1.27847,1.27862,1.00,1.00
2014.01.21 14:48:43.683,1.27845,1.27862,1.00,1.00
2014.01.21 14:48:49.673,1.27842,1.27862,1.13,1.00
2014.01.21 14:48:51.673,1.27843,1.27862,1.00,1.00
2014.01.21 14:48:51.933,1.27843,1.27858,1.00,1.00
2014.01.21 14:48:52.263,1.27832,1.27853,1.50,1.00
2014.01.21 14:48:52.771,1.2783,1.27852,1.50,1.00
2014.01.21 14:49:05.725,1.27833,1.27856,1.00,1.50
2014.01.21 14:49:36.500,1.27835,1.27856,1.00,1.00
2014.01.21 14:49:48.569,1.27835,1.27853,1.00,1.00
2014.01.21 14:50:02.977,1.27833,1.27853,1.00,1.00
2014.01.21 14:50:03.179,1.27833,1.2785,1.00,1.00
2014.01.21 14:50:03.280,1.27831,1.27849,1.00,1.00
2014.01.21 14:50:03.697,1.27831,1.27852,1.00,1.13
2014.01.21 14:50:04.213,1.27831,1.27853,1.00,1.00
2014.01.21 14:50:04.678,1.27831,1.2785,1.00,1.00
2014.01.21 14:50:04.909,1.27831,1.27853,1.00,1.00
2014.01.21 14:50:05.184,1.27831,1.27851,1.00,1.00
2014.01.21 14:50:05.699,1.27831,1.27853,1.00,1.00
2014.01.21 14:50:05.942,1.27831,1.27851,1.00,1.00
2014.01.21 14:50:06.971,1.27831,1.27852,1.00,1.00
2014.01.21 14:50:07.502,1.27832,1.27852,1.00,1.00
2014.01.21 14:50:08.161,1.27832,1.27851,1.00,1.00
2014.01.21 14:50:08.362,1.27832,1.27853,1.00,1.00
2014.01.21 14:50:17.460,1.27831,1.27852,1.00,1.00
2014.01.21 14:50:17.661,1.27831,1.27852,1.00,1.75
2014.01.21 14:50:17.713,1.27829,1.2785,1.00,2.25
2014.01.21 14:50:18.400,1.27829,1.27848,1.00,1.13
2014.01.21 14:50:19.493,1.2783,1.27848,1.00,1.00
2014.01.21 14:50:19.596,1.2783,1.27848,1.38,1.00
2014.01.21 14:50:19.798,1.2783,1.27851,1.88,3.00
2014.01.21 14:50:20.000,1.27832,1.27848,1.00,2.25
2014.01.21 14:50:20.051,1.2783,1.27848,1.50,2.25
2014.01.21 14:50:20.253,1.27828,1.27847,1.00,3.00
2014.01.21 14:50:20.509,1.2783,1.27847,1.00,3.00
2014.01.21 14:50:20.812,1.2783,1.27849,1.50,1.00
2014.01.21 14:50:21.222,1.2783,1.27852,1.50,1.88
2014.01.21 14:50:21.785,1.2783,1.27853,1.00,2.25
2014.01.21 14:50:21.835,1.2783,1.27853,1.00,2.63
2014.01.21 14:50:22.037,1.27828,1.27849,1.00,3.38
2014.01.21 14:50:22.088,1.27828,1.27845,1.00,1.00
2014.01.21 14:50:22.147,1.27828,1.27848,1.00,1.13
2014.01.21 14:50:24.805,1.27828,1.27847,1.00,2.25
2014.01.21 14:50:25.331,1.27828,1.27848,1.00,2.63
2014.01.21 14:50:25.991,1.27828,1.27847,1.00,2.25
2014.01.21 14:50:27.363,1.27828,1.27846,1.00,1.00
2014.01.21 14:50:28.170,1.27828,1.27845,1.00,1.00
2014.01.21 14:50:28.481,1.27828,1.27848,1.00,3.38
2014.01.21 14:50:29.295,1.27829,1.27848,1.00,1.13
2014.01.21 14:50:30.110,1.27829,1.27847,1.00,1.00
2014.01.21 14:50:33.917,1.27829,1.27848,1.00,1.13
2014.01.21 14:50:43.345,1.27829,1.27847,1.00,1.00
2014.01.21 14:50:46.878,1.27829,1.27848,1.00,1.13
2014.01.21 14:50:48.318,1.27829,1.27847,1.00,1.00
2014.01.21 14:50:49.633,1.27829,1.27845,1.00,1.00
2014.01.21 14:50:49.683,1.27826,1.27845,1.00,1.00
2014.01.21 14:50:50.257,1.27826,1.27846,1.00,1.00
2014.01.21 14:50:52.303,1.27826,1.27845,1.00,1.00
2014.01.21 14:50:53.517,1.27826,1.27846,1.00,1.00
2014.01.21 14:50:56.670,1.27826,1.27845,1.00,1.00
2014.01.21 14:50:59.741,1.27826,1.27846,1.00,1.00
2014.01.21 14:51:05.664,1.27826,1.27845,1.00,1.00
2014.01.21 14:51:18.414,1.27826,1.27847,1.00,1.50
2014.01.21 14:51:19.571,1.27826,1.27846,1.00,1.00
2014.01.21 14:51:23.521,1.27826,1.27847,1.00,1.00
2014.01.21 14:51:35.419,1.27832,1.27849,1.00,1.50
2014.01.21 14:51:35.721,1.27831,1.27846,1.00,1.00
2014.01.21 14:51:35.772,1.27827,1.27846,1.00,1.00
2014.01.21 14:51:37.195,1.27826,1.27846,1.00,1.00
2014.01.21 14:51:37.961,1.27826,1.27845,1.00,1.00
2014.01.21 14:51:39.166,1.27826,1.27846,1.00,1.00
2014.01.21 14:51:48.245,1.27827,1.27845,1.00,1.00
2014.01.21 14:51:53.526,1.27827,1.27846,1.00,1.00
2014.01.21 14:51:57.705,1.27827,1.27844,1.00,1.00
2014.01.21 14:51:58.056,1.27827,1.27846,1.00,1.50
2014.01.21 14:51:58.827,1.27827,1.27847,1.00,1.50
2014.01.21 14:51:59.472,1.27827,1.27846,1.00,1.50
2014.01.21 14:52:00.058,1.27827,1.27847,1.00,1.50
2014.01.21 14:52:00.627,1.27827,1.27846,1.00,1.50
2014.01.21 14:52:01.221,1.27827,1.27847,1.00,1.50
2014.01.21 14:52:01.752,1.27827,1.27846,1.00,1.50
2014.01.21 14:52:02.439,1.27827,1.27847,1.00,1.50
2014.01.21 14:52:03.020,1.27827,1.27846,1.00,1.50
2014.01.21 14:52:03.525,1.27827,1.27847,1.00,1.50
2014.01.21 14:52:04.131,1.27827,1.27846,1.00,1.50
2014.01.21 14:52:04.639,1.27827,1.27845,1.00,1.00
2014.01.21 14:52:05.256,1.27827,1.27844,1.00,1.00
2014.01.21 14:52:05.356,1.27827,1.27846,1.00,1.50
2014.01.21 14:52:06.018,1.27827,1.27847,1.00,1.00
2014.01.21 14:52:14.654,1.27827,1.27846,1.00,1.00
2014.01.21 14:52:20.454,1.27827,1.27847,1.00,1.00
2014.01.21 14:52:25.599,1.27827,1.27846,1.00,1.00
2014.01.21 14:52:27.022,1.27827,1.27845,1.00,1.00
2014.01.21 14:52:27.165,1.27827,1.27847,1.00,1.00
2014.01.21 14:52:27.265,1.27827,1.27845,1.00,1.00
2014.01.21 14:52:27.371,1.27827,1.27847,1.00,1.00
2014.01.21 14:52:27.890,1.27827,1.27848,1.00,2.25
2014.01.21 14:52:28.550,1.27827,1.27847,1.00,1.50
2014.01.21 14:52:31.429,1.27827,1.27845,1.00,1.00
2014.01.21 14:52:32.052,1.27827,1.27846,1.00,1.00
2014.01.21 14:52:32.779,1.27827,1.27845,1.00,1.00
2014.01.21 14:52:33.294,1.27827,1.27846,1.00,1.00
2014.01.21 14:52:33.905,1.27827,1.27845,1.00,1.00
2014.01.21 14:52:35.405,1.27827,1.27848,1.00,2.25
2014.01.21 14:52:35.727,1.27827,1.27846,1.00,1.00
2014.01.21 14:52:36.340,1.27827,1.27845,1.00,1.00
2014.01.21 14:52:36.851,1.27827,1.27846,1.00,1.00
2014.01.21 14:52:41.535,1.27827,1.27847,1.00,1.00
2014.01.21 14:52:43.596,1.27827,1.27846,1.00,1.50
2014.01.21 14:52:44.196,1.27827,1.27847,1.00,1.00
2014.01.21 14:52:46.550,1.27827,1.27846,1.00,1.50
2014.01.21 14:52:47.178,1.27827,1.27847,1.00,1.50
2014.01.21 14:52:47.687,1.27827,1.27846,1.00,1.50
2014.01.21 14:52:48.396,1.27827,1.27847,1.00,1.50
2014.01.21 14:52:48.803,1.27827,1.27844,1.00,1.00
2014.01.21 14:52:48.907,1.27827,1.27847,1.00,1.50
2014.01.21 14:52:49.727,1.27827,1.27846,1.00,1.50
2014.01.21 14:52:50.029,1.27827,1.27844,1.00,1.00
2014.01.21 14:52:50.668,1.27827,1.27845,1.00,1.00
2014.01.21 14:52:51.582,1.27827,1.27844,1.00,1.00
2014.01.21 14:52:53.577,1.27827,1.27845,1.00,1.00
2014.01.21 14:52:58.714,1.27827,1.27844,1.00,1.00
2014.01.21 14:52:59.534,1.27827,1.27845,1.00,1.00
2014.01.21 14:53:00.228,1.27827,1.27846,1.00,1.13
2014.01.21 14:53:00.813,1.27827,1.27845,1.00,1.00
2014.01.21 14:53:05.575,1.27827,1.27844,1.00,1.00
2014.01.21 14:53:10.903,1.27827,1.27845,1.00,1.00
2014.01.21 14:53:11.908,1.27827,1.27846,1.00,1.00
2014.01.21 14:53:12.459,1.27827,1.27843,1.00,1.00
2014.01.21 14:53:13.121,1.27827,1.27844,1.00,1.00
2014.01.21 14:53:13.448,1.27827,1.27846,1.00,1.00
2014.01.21 14:53:17.410,1.27827,1.27847,1.00,1.00
2014.01.21 14:53:18.416,1.27827,1.27845,1.00,1.00
2014.01.21 14:53:18.845,1.27827,1.27847,1.00,1.00
2014.01.21 14:53:19.506,1.27827,1.27845,1.00,1.00
2014.01.21 14:53:19.614,1.27827,1.27847,1.00,1.00
2014.01.21 14:53:20.426,1.27827,1.27848,1.00,1.88
2014.01.21 14:53:21.385,1.27827,1.27847,1.00,1.00
2014.01.21 14:53:21.945,1.27827,1.27846,1.00,1.00
2014.01.21 14:53:22.469,1.27827,1.27845,1.00,1.00
2014.01.21 14:53:22.574,1.27827,1.27848,1.00,1.13
2014.01.21 14:53:22.726,1.27827,1.27846,1.00,1.00
2014.01.21 14:53:24.033,1.27827,1.27844,1.00,1.00
2014.01.21 14:53:24.437,1.27827,1.27848,1.00,1.50
2014.01.21 14:53:28.258,1.27827,1.27846,1.00,1.00
2014.01.21 14:53:29.441,1.27827,1.27848,1.00,1.13
2014.01.21 14:53:30.069,1.27827,1.27847,1.00,1.00
2014.01.21 14:53:30.603,1.27827,1.27848,1.00,1.13
2014.01.21 14:53:30.916,1.27827,1.27846,1.00,1.00
2014.01.21 14:53:31.323,1.27827,1.27848,1.00,2.63
2014.01.21 14:53:31.929,1.27827,1.27847,1.00,1.00
2014.01.21 14:53:35.942,1.27827,1.27846,1.00,1.00
2014.01.21 14:53:36.603,1.27827,1.27847,1.00,1.00
2014.01.21 14:53:37.212,1.27827,1.27848,1.00,1.13
2014.01.21 14:53:38.613,1.27826,1.27849,1.00,1.88
2014.01.21 14:53:39.257,1.27826,1.27849,1.00,1.88
2014.01.21 14:53:40.893,1.27826,1.27849,1.00,2.25
2014.01.21 14:53:42.001,1.27826,1.27847,1.00,1.00
2014.01.21 14:53:42.544,1.27826,1.27846,1.00,1.00
2014.01.21 14:53:43.031,1.27826,1.27848,1.00,1.13
2014.01.21 14:53:43.645,1.27826,1.27847,1.00,1.00
2014.01.21 14:53:44.555,1.27826,1.27848,1.00,1.13
2014.01.21 14:53:45.100,1.27826,1.27847,1.00,1.50
2014.01.21 14:53:45.791,1.27826,1.27848,1.00,1.88
2014.01.21 14:53:46.506,1.27826,1.27847,1.00,1.00
2014.01.21 14:53:47.165,1.27826,1.27848,1.00,1.13
2014.01.21 14:53:47.731,1.27826,1.27847,1.00,1.00
2014.01.21 14:53:48.263,1.27826,1.27846,1.00,1.00
2014.01.21 14:53:49.261,1.27826,1.27845,1.00,1.00
2014.01.21 14:53:49.365,1.27826,1.27847,1.00,1.00
2014.01.21 14:53:50.023,1.27826,1.27846,1.00,1.00
2014.01.21 14:53:50.081,1.27826,1.27844,1.00,1.00
2014.01.21 14:53:50.799,1.27826,1.27845,1.00,1.00
2014.01.21 14:53:51.457,1.27826,1.27844,1.00,1.00
2014.01.21 14:53:51.814,1.27826,1.27848,1.00,1.13
2014.01.21 14:53:52.321,1.27826,1.27847,1.00,1.00
2014.01.21 14:53:53.131,1.27826,1.27846,1.00,1.00
2014.01.21 14:53:53.657,1.27826,1.27847,1.00,1.00
2014.01.21 14:53:54.269,1.27826,1.27846,1.00,1.00
2014.01.21 14:53:54.985,1.27826,1.27847,1.00,1.00
2014.01.21 14:53:55.517,1.27826,1.27846,1.00,1.00
2014.01.21 14:53:56.023,1.27826,1.27847,1.00,1.00
2014.01.21 14:53:56.833,1.27826,1.27846,1.00,1.00
2014.01.21 14:53:57.552,1.27826,1.27847,1.00,1.00
2014.01.21 14:53:58.061,1.27826,1.27846,1.00,1.00
2014.01.21 14:53:58.570,1.27826,1.27847,1.00,1.00
2014.01.21 14:53:59.330,1.27826,1.27846,1.00,1.00
2014.01.21 14:53:59.841,1.27826,1.27847,1.00,1.00
2014.01.21 14:54:00.369,1.27826,1.27846,1.00,1.00
2014.01.21 14:54:01.608,1.27826,1.27842,1.00,1.00
2014.01.21 14:54:01.829,1.27826,1.27844,1.00,1.00
2014.01.21 14:54:01.922,1.27826,1.27847,1.00,1.00
2014.01.21 14:54:02.444,1.27826,1.27846,1.00,1.00
2014.01.21 14:54:06.482,1.27826,1.27847,1.00,1.00
2014.01.21 14:54:06.985,1.27826,1.27848,1.00,1.13
2014.01.21 14:54:07.605,1.27826,1.27847,1.00,1.00
2014.01.21 14:54:08.228,1.27826,1.27848,1.00,1.13
2014.01.21 14:54:08.836,1.27826,1.27847,1.00,1.00
2014.01.21 14:54:09.648,1.27826,1.27845,1.00,1.00
2014.01.21 14:54:12.435,1.27826,1.27844,1.13,1.00
2014.01.21 14:54:12.536,1.27826,1.27849,1.13,1.00
2014.01.21 14:54:13.217,1.27827,1.2785,1.13,1.50
2014.01.21 14:54:14.120,1.27827,1.27849,2.63,1.00
2014.01.21 14:54:32.653,1.2783,1.27849,1.00,1.00
2014.01.21 14:54:33.262,1.2783,1.2785,1.00,2.25
2014.01.21 14:54:34.094,1.27829,1.2785,1.00,1.00
2014.01.21 14:54:40.695,1.27827,1.2785,1.50,1.00
2014.01.21 14:54:50.913,1.27828,1.2785,1.00,1.00
2014.01.21 14:54:51.075,1.27829,1.27848,1.00,1.00
2014.01.21 14:54:51.589,1.27829,1.27849,1.00,1.00
2014.01.21 14:55:00.362,1.27829,1.27849,1.00,1.88
2014.01.21 14:55:00.704,1.27826,1.27841,1.00,1.00
2014.01.21 14:55:00.805,1.27826,1.27843,1.00,1.00
2014.01.21 14:55:00.906,1.27826,1.27841,1.00,1.00
2014.01.21 14:55:01.451,1.27825,1.27841,1.00,1.00
2014.01.21 14:55:02.082,1.27825,1.2784,1.00,1.00
2014.01.21 14:55:02.608,1.27824,1.2784,1.00,1.00
2014.01.21 14:55:05.393,1.27824,1.27839,1.00,1.00
2014.01.21 14:55:05.942,1.27826,1.27838,1.00,1.00
2014.01.21 14:55:06.454,1.27826,1.27839,1.00,1.00
2014.01.21 14:55:06.614,1.27826,1.27841,1.00,1.00
2014.01.21 14:55:07.130,1.27826,1.27839,1.00,1.00
2014.01.21 14:55:07.538,1.27826,1.27842,1.00,1.00
2014.01.21 14:55:08.042,1.27826,1.27841,1.00,1.00
2014.01.21 14:55:09.043,1.27826,1.27842,1.00,1.88
2014.01.21 14:55:09.145,1.27826,1.27839,1.00,1.00
2014.01.21 14:55:09.354,1.27826,1.27842,1.00,1.50
2014.01.21 14:55:09.864,1.27826,1.27839,1.00,1.00
2014.01.21 14:55:10.367,1.27826,1.27838,1.00,1.00
2014.01.21 14:55:10.877,1.27826,1.27839,1.00,1.00
2014.01.21 14:55:11.355,1.27826,1.27841,1.00,1.00
2014.01.21 14:55:11.757,1.27824,1.27841,1.00,1.00
2014.01.21 14:55:12.068,1.27824,1.27839,1.50,1.00
2014.01.21 14:55:12.782,1.27825,1.2784,1.00,1.00
2014.01.21 14:55:13.057,1.27825,1.27842,1.00,1.13
2014.01.21 14:55:17.124,1.27825,1.2784,1.00,1.00
2014.01.21 14:55:28.354,1.27825,1.27838,1.00,1.00
2014.01.21 14:55:28.685,1.27825,1.2784,1.00,1.00
2014.01.21 14:55:29.213,1.27824,1.2784,1.50,1.00
2014.01.21 14:55:40.461,1.27824,1.27843,1.00,2.25
2014.01.21 14:55:40.618,1.27824,1.27841,1.50,1.00
2014.01.21 14:55:47.722,1.27822,1.2784,1.00,1.00
2014.01.21 14:55:50.994,1.27827,1.27847,1.00,1.13
2014.01.21 14:55:51.123,1.2783,1.27847,1.00,1.00
2014.01.21 14:55:51.175,1.2783,1.27849,1.00,2.25
2014.01.21 14:55:51.327,1.27832,1.27849,1.00,1.00
2014.01.21 14:55:51.533,1.27831,1.27852,1.00,3.00
2014.01.21 14:55:51.635,1.27831,1.27851,1.00,1.38
2014.01.21 14:55:51.786,1.27827,1.27849,1.00,1.00
2014.01.21 14:55:52.292,1.27827,1.27849,1.00,1.38
2014.01.21 14:55:56.233,1.27827,1.2785,1.00,1.50
2014.01.21 14:55:56.421,1.27827,1.2785,1.00,1.50
2014.01.21 14:56:13.674,1.27827,1.27849,1.00,1.13
2014.01.21 14:56:19.135,1.27828,1.27848,1.00,1.50
2014.01.21 14:56:20.921,1.27827,1.27849,1.00,1.38
2014.01.21 14:56:23.044,1.27827,1.2785,1.00,1.50
2014.01.21 14:56:24.642,1.27827,1.2785,1.00,2.25
2014.01.21 14:56:26.416,1.27827,1.27849,1.50,1.00
2014.01.21 14:56:29.351,1.27827,1.27848,1.00,1.00
2014.01.21 14:56:29.923,1.27827,1.27849,1.00,1.00
2014.01.21 14:56:32.388,1.27827,1.27848,1.00,1.00
2014.01.21 14:56:33.934,1.27827,1.27849,1.00,1.00
2014.01.21 14:56:34.633,1.27827,1.27848,1.50,1.00
2014.01.21 14:56:35.166,1.27827,1.2785,1.50,1.88
2014.01.21 14:56:35.679,1.27829,1.2785,2.25,1.88
2014.01.21 14:56:36.309,1.27828,1.2785,2.25,1.13
2014.01.21 14:56:37.115,1.27829,1.2785,2.25,1.88
2014.01.21 14:56:37.348,1.27827,1.2785,1.50,1.88
2014.01.21 14:56:37.904,1.27827,1.27848,1.50,1.00
2014.01.21 14:56:38.607,1.27827,1.2785,1.50,1.88
2014.01.21 14:56:38.722,1.27827,1.27848,1.50,1.00
2014.01.21 14:56:39.225,1.27827,1.27849,1.00,1.00
2014.01.21 14:56:39.555,1.27829,1.2785,1.00,1.88
2014.01.21 14:56:44.749,1.27828,1.2785,1.00,1.88
2014.01.21 14:56:45.343,1.27829,1.2785,2.25,1.88
2014.01.21 14:56:46.943,1.27827,1.2785,1.50,1.13
2014.01.21 14:56:51.283,1.2783,1.2785,1.00,1.88
2014.01.21 14:56:51.486,1.2783,1.27853,1.38,1.00
2014.01.21 14:56:52.003,1.27832,1.27854,1.00,1.00
2014.01.21 14:56:52.541,1.27833,1.27854,1.00,1.00
2014.01.21 14:56:56.543,1.27834,1.27854,1.00,1.00
2014.01.21 14:56:57.121,1.27833,1.27854,1.50,1.00
2014.01.21 14:56:57.780,1.27836,1.27859,1.00,1.50
2014.01.21 14:56:58.092,1.27838,1.27859,1.00,1.00
2014.01.21 14:56:59.693,1.27838,1.27859,1.50,1.38
2014.01.21 14:56:59.857,1.27836,1.27859,1.50,1.13
2014.01.21 14:57:00.683,1.27836,1.27859,1.50,1.38
2014.01.21 14:57:01.293,1.27836,1.27859,1.00,1.00
2014.01.21 14:57:03.653,1.27836,1.27859,1.00,1.88
2014.01.21 14:57:07.982,1.27837,1.27859,1.00,1.50
2014.01.21 14:57:08.212,1.27839,1.2786,1.00,1.00
2014.01.21 14:57:08.263,1.27839,1.27862,1.50,1.50
2014.01.21 14:57:08.783,1.2784,1.27862,1.00,1.00
2014.01.21 14:57:09.295,1.27841,1.27863,1.00,1.88
2014.01.21 14:57:14.799,1.27841,1.27863,1.50,1.88
2014.01.21 14:57:24.968,1.27842,1.27865,2.25,1.88
2014.01.21 14:57:25.500,1.27842,1.27865,2.25,1.88
2014.01.21 14:57:25.943,1.27846,1.27865,1.00,1.00
2014.01.21 14:57:26.299,1.2785,1.27868,1.00,2.25
2014.01.21 14:57:26.510,1.27847,1.27868,1.50,2.25
2014.01.21 14:57:29.613,1.27848,1.27868,1.00,2.25
2014.01.21 14:57:29.713,1.2785,1.27872,1.00,1.13
2014.01.21 14:57:45.676,1.27852,1.27872,1.00,1.00
2014.01.21 14:57:45.978,1.27855,1.27873,1.00,1.00
2014.01.21 14:57:46.750,1.27856,1.27875,1.00,1.38
2014.01.21 14:57:48.370,1.27856,1.27876,1.00,1.00
2014.01.21 14:57:53.168,1.27856,1.27877,1.50,1.50
2014.01.21 14:57:53.681,1.27856,1.2787,1.00,1.13
2014.01.21 14:57:55.458,1.27856,1.27875,1.50,1.00
2014.01.21 14:58:08.700,1.27856,1.27877,1.00,1.50
2014.01.21 14:58:08.829,1.27856,1.27876,1.00,1.50
2014.01.21 14:58:09.622,1.27856,1.27873,1.00,1.00
2014.01.21 14:58:16.723,1.27853,1.27873,1.00,1.13
2014.01.21 14:58:25.158,1.27853,1.27867,1.00,1.00
2014.01.21 14:58:25.208,1.27848,1.27867,1.38,1.00
2014.01.21 14:58:25.750,1.27848,1.27867,1.00,1.00
2014.01.21 14:58:31.406,1.27846,1.27866,1.38,1.00
2014.01.21 14:58:31.508,1.27844,1.27863,2.25,1.00
2014.01.21 14:58:31.753,1.27844,1.27863,1.50,1.00
2014.01.21 14:58:32.294,1.27844,1.2786,1.50,1.00
2014.01.21 14:58:32.811,1.27844,1.2786,1.50,1.00
2014.01.21 14:58:33.950,1.27845,1.2786,1.38,1.00
2014.01.21 14:58:35.160,1.27844,1.2786,1.50,1.00
2014.01.21 14:58:36.262,1.27845,1.2786,1.38,1.00
2014.01.21 14:58:40.331,1.27843,1.2786,1.75,1.00
2014.01.21 14:58:42.089,1.27845,1.2786,1.38,1.00
2014.01.21 14:58:42.623,1.27844,1.2786,1.50,1.00
2014.01.21 14:58:46.316,1.27844,1.2786,1.38,1.38
2014.01.21 14:58:46.417,1.27842,1.27856,1.00,1.38
2014.01.21 14:58:46.529,1.27836,1.27856,1.00,1.38
2014.01.21 14:58:47.056,1.27837,1.27858,1.00,1.38
2014.01.21 14:58:47.209,1.27837,1.27858,1.50,1.00
2014.01.21 14:58:47.562,1.27834,1.27857,1.00,1.00
2014.01.21 14:58:48.127,1.27832,1.27855,1.88,1.00
2014.01.21 14:58:49.103,1.27832,1.27855,1.00,1.00
2014.01.21 14:58:53.043,1.27832,1.27853,1.00,1.00
2014.01.21 14:58:54.017,1.2783,1.27851,1.00,1.00
2014.01.21 14:58:54.255,1.27828,1.27851,1.00,1.00
2014.01.21 14:59:06.549,1.27828,1.27851,1.38,1.00
2014.01.21 14:59:06.952,1.27833,1.27856,1.00,1.00
2014.01.21 14:59:07.512,1.27835,1.27856,1.00,1.00
2014.01.21 14:59:10.473,1.27835,1.27858,1.00,1.00
2014.01.21 14:59:10.682,1.27834,1.27855,1.00,1.00
2014.01.21 14:59:11.231,1.27835,1.27856,1.00,1.00
2014.01.21 14:59:16.185,1.27835,1.27858,1.00,1.00
2014.01.21 14:59:16.524,1.27833,1.27856,1.00,1.00
2014.01.21 14:59:16.832,1.27835,1.27856,1.00,1.00
2014.01.21 14:59:19.622,1.27835,1.27856,1.75,1.00
2014.01.21 14:59:19.723,1.27839,1.27862,1.00,1.00
2014.01.21 14:59:21.372,1.27839,1.27862,1.38,1.00
2014.01.21 14:59:22.374,1.27842,1.27865,1.13,1.00
2014.01.21 14:59:40.641,1.27842,1.27865,1.00,1.38
2014.01.21 14:59:41.391,1.2784,1.27863,1.00,1.00
2014.01.21 14:59:41.723,1.2784,1.27861,1.00,1.00
2014.01.21 14:59:50.547,1.27837,1.27858,1.13,1.50
2014.01.21 14:59:50.878,1.27831,1.27854,1.00,1.13
2014.01.21 14:59:50.929,1.27831,1.27854,1.00,1.38
2014.01.21 14:59:51.499,1.2783,1.27853,1.00,1.75
2014.01.21 14:59:52.023,1.27829,1.2785,1.00,1.50
2014.01.21 14:59:52.503,1.27826,1.27849,1.00,1.13
2014.01.21 14:59:57.478,1.2783,1.27851,1.00,1.00
2014.01.21 14:59:57.779,1.27826,1.27849,1.00,1.38
2014.01.21 14:59:58.016,1.27828,1.27849,1.00,1.38
2014.01.21 14:59:58.627,1.27827,1.27848,1.00,1.13
2014.01.21 14:59:59.202,1.27828,1.27848,1.00,1.00
2014.01.21 14:59:59.303,1.27832,1.27853,1.00,1.00
2014.01.21 14:59:59.579,1.27832,1.27851,1.00,2.25
2014.01.21 14:59:59.680,1.27832,1.27853,1.00,3.75
