2017.01.27 02:00:02.223,1.42487,1.42508,2.25,1.50
2017.01.27 02:00:02.425,1.42485,1.42506,1.87,1.12
2017.01.27 02:00:03.041,1.42486,1.42506,1.00,1.12
2017.01.27 02:00:04.426,1.42487,1.42506,1.00,1.00
2017.01.27 02:00:08.209,1.42487,1.42506,1.50,1.75
2017.01.27 02:00:08.411,1.42485,1.42504,1.50,1.87
2017.01.27 02:00:13.312,1.42486,1.42504,1.00,1.12
2017.01.27 02:00:13.413,1.42488,1.42506,1.00,1.75
2017.01.27 02:00:13.788,1.42491,1.42506,1.00,1.00
2017.01.27 02:00:14.115,1.42494,1.42509,1.00,1.12
2017.01.27 02:00:14.981,1.42492,1.42509,1.00,1.12
2017.01.27 02:00:15.133,1.42491,1.42508,1.00,1.50
2017.01.27 02:00:15.284,1.42488,1.42507,2.62,1.12
2017.01.27 02:00:16.875,1.42488,1.42506,1.12,1.00
2017.01.27 02:00:17.026,1.42486,1.42505,1.00,1.00
2017.01.27 02:00:17.534,1.42485,1.42506,1.00,2.25
2017.01.27 02:00:20.623,1.42488,1.42507,1.00,2.25
2017.01.27 02:00:20.927,1.42491,1.42508,1.00,1.50
2017.01.27 02:00:21.468,1.42491,1.42508,1.00,1.12
2017.01.27 02:00:22.464,1.4249,1.42508,1.00,1.12
2017.01.27 02:00:25.717,1.42496,1.42511,1.00,1.75
2017.01.27 02:00:25.818,1.42496,1.42511,1.00,1.00
2017.01.27 02:00:26.352,1.42495,1.42511,1.00,1.00
2017.01.27 02:00:27.502,1.42493,1.42511,1.00,1.00
2017.01.27 02:00:28.037,1.42492,1.42511,1.00,1.50
2017.01.27 02:00:29.119,1.42496,1.42511,1.00,1.50
2017.01.27 02:00:29.497,1.42492,1.4251,1.87,1.00
2017.01.27 02:00:29.598,1.42492,1.42508,1.00,1.00
2017.01.27 02:00:29.649,1.4249,1.42508,1.00,1.12
2017.01.27 02:00:34.714,1.42491,1.42509,1.00,1.50
2017.01.27 02:00:34.815,1.42497,1.42512,1.00,2.25
2017.01.27 02:00:35.803,1.42497,1.42513,1.00,1.50
2017.01.27 02:00:35.978,1.42495,1.42513,1.00,1.50
2017.01.27 02:00:36.815,1.42496,1.42513,1.00,1.50
2017.01.27 02:00:42.951,1.42496,1.42513,1.50,1.12
2017.01.27 02:00:43.801,1.42498,1.42513,1.00,1.12
2017.01.27 02:00:44.103,1.42496,1.42511,1.00,1.00
2017.01.27 02:00:49.657,1.42496,1.42514,1.00,1.50
2017.01.27 02:00:50.233,1.42497,1.42514,1.00,2.25
2017.01.27 02:00:54.823,1.42498,1.42514,1.00,1.50
2017.01.27 02:00:54.924,1.425,1.42516,1.00,1.75
2017.01.27 02:00:54.975,1.42501,1.42518,1.00,1.50
2017.01.27 02:00:55.025,1.42505,1.4252,1.00,1.12
2017.01.27 02:00:55.278,1.42506,1.42523,1.00,1.00
2017.01.27 02:00:55.918,1.42506,1.42524,1.00,1.00
2017.01.27 02:00:57.754,1.42505,1.42524,1.00,1.00
2017.01.27 02:00:58.334,1.42506,1.42524,1.00,1.00
2017.01.27 02:01:03.760,1.42508,1.42524,1.00,1.00
2017.01.27 02:01:03.861,1.42508,1.42526,1.50,1.50
2017.01.27 02:01:03.912,1.4251,1.42526,1.00,1.00
2017.01.27 02:01:03.963,1.42511,1.42529,1.50,3.00
2017.01.27 02:01:04.165,1.42513,1.42529,1.00,1.00
2017.01.27 02:01:04.966,1.42513,1.4253,1.50,1.00
2017.01.27 02:01:05.865,1.42513,1.42531,1.50,1.50
2017.01.27 02:01:06.406,1.42514,1.42531,1.00,1.00
2017.01.27 02:01:06.814,1.42513,1.42528,1.00,1.00
2017.01.27 02:01:07.117,1.4251,1.42523,1.00,1.50
2017.01.27 02:01:07.167,1.42506,1.42523,1.00,1.50
2017.01.27 02:01:07.319,1.42507,1.42527,1.00,2.25
2017.01.27 02:01:07.370,1.42506,1.42527,1.50,2.25
2017.01.27 02:01:07.883,1.42507,1.42523,1.12,1.00
2017.01.27 02:01:08.402,1.42505,1.42523,1.50,1.00
2017.01.27 02:01:08.704,1.42504,1.4252,1.50,1.00
2017.01.27 02:01:08.929,1.425,1.4252,1.00,3.00
2017.01.27 02:01:09.131,1.425,1.42516,1.00,1.12
2017.01.27 02:01:09.182,1.42497,1.42516,1.12,1.12
2017.01.27 02:01:11.044,1.42495,1.42514,1.87,1.00
2017.01.27 02:01:11.804,1.42495,1.42514,1.50,1.00
2017.01.27 02:01:12.107,1.42501,1.42516,1.00,1.87
2017.01.27 02:01:12.158,1.42499,1.42516,1.12,1.87
2017.01.27 02:01:12.360,1.42498,1.42517,1.00,1.50
2017.01.27 02:01:12.461,1.42496,1.42515,1.12,1.87
2017.01.27 02:01:12.714,1.42494,1.42514,1.00,1.12
2017.01.27 02:01:14.738,1.42493,1.42512,1.12,1.00
2017.01.27 02:01:15.428,1.42493,1.42511,1.00,1.12
2017.01.27 02:01:15.732,1.42491,1.42509,1.00,1.12
2017.01.27 02:01:16.811,1.42495,1.42512,1.00,1.75
2017.01.27 02:01:16.862,1.42495,1.42512,1.00,1.00
2017.01.27 02:01:17.065,1.42495,1.42514,1.00,1.12
2017.01.27 02:01:17.611,1.42497,1.42518,1.00,4.50
2017.01.27 02:01:17.787,1.42497,1.42518,1.75,1.87
2017.01.27 02:01:18.416,1.425,1.42519,1.00,1.50
2017.01.27 02:01:19.716,1.42499,1.42519,1.12,1.50
2017.01.27 02:01:20.809,1.42499,1.4252,1.50,1.50
2017.01.27 02:01:21.380,1.42499,1.42519,1.12,1.00
2017.01.27 02:01:22.218,1.42499,1.4252,1.87,1.87
2017.01.27 02:01:25.061,1.42504,1.4252,1.50,1.12
2017.01.27 02:01:25.212,1.42504,1.42524,2.62,1.00
2017.01.27 02:01:25.369,1.42504,1.42522,1.87,1.00
2017.01.27 02:01:26.065,1.42505,1.42522,1.00,1.00
2017.01.27 02:01:26.914,1.42507,1.42522,1.00,1.00
2017.01.27 02:01:38.715,1.42507,1.42523,1.00,1.50
2017.01.27 02:01:38.766,1.42504,1.42522,1.87,1.00
2017.01.27 02:01:38.816,1.42503,1.42518,1.50,1.00
2017.01.27 02:01:39.119,1.42499,1.42511,1.00,1.00
2017.01.27 02:01:39.568,1.42499,1.42514,1.00,1.50
2017.01.27 02:01:39.821,1.42496,1.42515,1.00,1.00
2017.01.27 02:01:41.055,1.42496,1.42517,1.00,1.87
2017.01.27 02:01:41.565,1.42496,1.42517,2.25,2.25
2017.01.27 02:01:45.099,1.42494,1.42512,1.12,1.00
2017.01.27 02:01:49.776,1.42494,1.42511,1.00,1.00
2017.01.27 02:02:04.806,1.42494,1.42512,1.00,1.50
2017.01.27 02:02:07.227,1.42494,1.42514,1.50,1.12
2017.01.27 02:02:07.379,1.42496,1.42516,1.00,2.25
2017.01.27 02:02:07.920,1.42496,1.42516,1.12,1.50
2017.01.27 02:02:08.958,1.42496,1.42514,1.12,1.00
2017.01.27 02:02:09.261,1.42494,1.42512,1.00,1.00
2017.01.27 02:02:09.563,1.42494,1.4251,1.00,1.00
2017.01.27 02:02:09.815,1.42491,1.42509,1.12,1.00
2017.01.27 02:02:09.866,1.42491,1.42507,1.12,1.00
2017.01.27 02:02:10.449,1.42491,1.42508,1.00,1.00
2017.01.27 02:02:12.040,1.42491,1.42509,1.00,1.12
2017.01.27 02:02:12.191,1.42491,1.42511,1.87,1.00
2017.01.27 02:02:12.443,1.42494,1.42514,1.00,2.25
2017.01.27 02:02:12.763,1.42496,1.42517,1.50,2.25
2017.01.27 02:02:13.120,1.42496,1.42514,1.50,1.00
2017.01.27 02:02:13.430,1.42496,1.42512,1.12,1.00
2017.01.27 02:02:15.463,1.42496,1.42512,1.00,1.50
2017.01.27 02:02:15.615,1.42491,1.42507,1.50,1.00
2017.01.27 02:02:16.169,1.42491,1.42508,1.00,1.00
2017.01.27 02:02:16.811,1.42491,1.4251,1.00,1.00
2017.01.27 02:02:24.706,1.42491,1.4251,1.50,1.00
2017.01.27 02:02:24.757,1.42493,1.42512,1.00,1.00
2017.01.27 02:02:25.360,1.42493,1.4251,1.87,1.00
2017.01.27 02:02:25.755,1.42491,1.42505,1.00,1.00
2017.01.27 02:02:26.427,1.42492,1.42505,1.00,1.00
2017.01.27 02:02:34.599,1.42492,1.42506,1.00,1.00
2017.01.27 02:02:34.650,1.42488,1.42504,1.00,1.00
2017.01.27 02:02:35.171,1.42487,1.42504,1.12,1.00
2017.01.27 02:02:35.883,1.42487,1.42506,1.12,1.00
2017.01.27 02:02:36.034,1.42487,1.42508,1.87,2.62
2017.01.27 02:02:36.085,1.42487,1.42504,1.12,1.00
2017.01.27 02:02:36.387,1.42487,1.42502,1.00,1.00
2017.01.27 02:02:51.768,1.42486,1.42502,1.00,1.00
2017.01.27 02:02:52.867,1.42485,1.42502,1.50,1.00
2017.01.27 02:02:56.108,1.42486,1.42501,1.00,1.00
2017.01.27 02:02:57.409,1.42486,1.42503,1.00,1.00
2017.01.27 02:02:58.010,1.42485,1.42502,1.50,1.00
2017.01.27 02:03:12.252,1.42485,1.42501,1.50,1.12
2017.01.27 02:03:12.404,1.42485,1.42497,1.00,1.00
2017.01.27 02:03:12.606,1.4248,1.42498,1.00,1.00
2017.01.27 02:03:12.656,1.42483,1.425,1.50,1.12
2017.01.27 02:03:12.960,1.42488,1.42499,1.00,1.50
2017.01.27 02:03:13.223,1.4248,1.42499,1.50,2.25
2017.01.27 02:03:13.749,1.4248,1.42498,1.50,1.12
2017.01.27 02:03:14.514,1.42482,1.42498,1.00,1.12
2017.01.27 02:03:15.076,1.42483,1.42499,1.00,2.25
2017.01.27 02:03:28.195,1.42483,1.42497,1.00,1.00
2017.01.27 02:03:29.558,1.4248,1.42497,1.50,1.00
2017.01.27 02:03:29.609,1.42481,1.425,1.00,1.50
2017.01.27 02:03:30.143,1.42482,1.425,1.00,1.50
2017.01.27 02:03:30.781,1.42481,1.425,1.00,2.25
2017.01.27 02:03:40.836,1.42482,1.425,1.00,1.50
2017.01.27 02:03:41.395,1.42481,1.42501,1.50,1.75
2017.01.27 02:03:49.581,1.42481,1.42498,1.00,1.00
2017.01.27 02:03:49.632,1.4248,1.42496,1.50,1.00
2017.01.27 02:03:49.969,1.42478,1.42493,1.00,1.00
2017.01.27 02:03:55.985,1.42478,1.42495,1.00,1.00
2017.01.27 02:04:09.633,1.42478,1.42494,1.00,1.00
2017.01.27 02:04:09.734,1.42478,1.42492,1.00,1.00
2017.01.27 02:04:10.265,1.42478,1.42491,1.00,1.00
2017.01.27 02:04:17.523,1.42478,1.42494,1.00,1.00
2017.01.27 02:04:19.925,1.42479,1.42495,1.00,1.00
2017.01.27 02:04:20.127,1.4248,1.42498,1.00,2.62
2017.01.27 02:04:20.429,1.42482,1.42499,1.00,1.00
2017.01.27 02:04:20.967,1.42482,1.425,1.00,1.87
2017.01.27 02:04:30.925,1.42482,1.42498,1.00,1.00
2017.01.27 02:04:31.227,1.42479,1.42493,1.00,1.00
2017.01.27 02:04:32.136,1.42476,1.42493,1.12,1.00
2017.01.27 02:04:51.666,1.42477,1.42493,1.00,1.00
2017.01.27 02:04:57.915,1.42478,1.42496,2.25,1.50
2017.01.27 02:04:57.966,1.4248,1.42496,1.00,1.00
2017.01.27 02:04:58.218,1.42486,1.42504,1.00,1.50
2017.01.27 02:04:58.320,1.42488,1.42504,1.00,1.00
2017.01.27 02:04:58.471,1.42488,1.42507,1.00,1.37
2017.01.27 02:04:58.726,1.42488,1.42504,1.00,1.00
2017.01.27 02:04:59.363,1.42488,1.42505,1.00,1.00
2017.01.27 02:04:59.668,1.42485,1.42503,1.50,1.50
2017.01.27 02:05:00.338,1.42485,1.42502,1.50,1.00
2017.01.27 02:05:00.855,1.42485,1.42502,1.00,1.00
2017.01.27 02:05:01.255,1.42485,1.42499,1.00,1.00
2017.01.27 02:05:02.127,1.42485,1.425,1.00,1.00
2017.01.27 02:05:02.614,1.42481,1.42499,4.50,1.00
2017.01.27 02:05:02.917,1.4248,1.42497,1.87,1.00
2017.01.27 02:05:03.438,1.42478,1.42498,1.50,1.87
2017.01.27 02:05:04.023,1.42477,1.42498,3.37,2.62
2017.01.27 02:05:04.124,1.42477,1.42498,1.87,2.25
2017.01.27 02:05:04.670,1.42478,1.42498,1.12,2.25
2017.01.27 02:05:05.707,1.42478,1.42495,1.12,1.00
2017.01.27 02:05:06.217,1.42475,1.42494,1.75,1.00
2017.01.27 02:05:10.188,1.42477,1.42495,1.12,1.00
2017.01.27 02:05:10.491,1.42483,1.425,1.00,1.00
2017.01.27 02:05:10.592,1.42483,1.42502,1.00,1.12
2017.01.27 02:05:12.728,1.42481,1.42502,3.37,1.12
2017.01.27 02:05:12.879,1.42484,1.425,1.00,1.00
2017.01.27 02:05:13.182,1.42478,1.42493,1.50,1.00
2017.01.27 02:05:13.778,1.42478,1.42494,1.12,1.00
2017.01.27 02:05:14.319,1.42478,1.42493,1.00,1.12
2017.01.27 02:05:14.420,1.42474,1.42492,1.87,1.00
2017.01.27 02:05:14.521,1.42476,1.42492,1.00,1.12
2017.01.27 02:05:15.616,1.42477,1.42492,1.00,1.12
2017.01.27 02:05:15.667,1.42475,1.42492,1.00,1.12
2017.01.27 02:05:16.484,1.42476,1.42492,1.00,1.12
2017.01.27 02:05:21.308,1.42477,1.42496,1.00,2.25
2017.01.27 02:05:21.510,1.42479,1.42496,1.50,1.00
2017.01.27 02:05:21.826,1.42482,1.42499,1.00,1.00
2017.01.27 02:05:22.352,1.42482,1.42498,1.00,1.00
2017.01.27 02:05:30.506,1.42482,1.42497,1.00,1.50
2017.01.27 02:05:30.557,1.4248,1.42497,1.00,2.25
2017.01.27 02:05:31.075,1.4248,1.42496,1.00,1.00
2017.01.27 02:05:33.169,1.4248,1.42497,1.00,1.87
2017.01.27 02:05:33.295,1.42484,1.42497,1.00,1.00
2017.01.27 02:05:33.629,1.42487,1.42504,1.00,1.50
2017.01.27 02:05:33.680,1.42489,1.42505,1.00,1.75
2017.01.27 02:05:33.730,1.42487,1.42507,1.00,3.30
2017.01.27 02:05:33.781,1.4249,1.42507,1.00,3.00
2017.01.27 02:05:33.936,1.42489,1.42507,1.00,1.00
2017.01.27 02:05:34.355,1.42489,1.4251,1.50,2.25
2017.01.27 02:05:34.607,1.42485,1.42503,3.37,1.00
2017.01.27 02:05:34.708,1.42485,1.42503,1.12,1.00
2017.01.27 02:05:35.232,1.42484,1.42503,1.87,1.87
2017.01.27 02:05:36.962,1.42486,1.42503,1.00,1.12
2017.01.27 02:05:37.525,1.42485,1.42503,1.00,1.12
2017.01.27 02:05:38.692,1.42485,1.425,1.00,1.00
2017.01.27 02:05:38.945,1.42481,1.425,2.62,1.00
2017.01.27 02:05:39.900,1.42482,1.425,1.00,1.00
2017.01.27 02:05:41.721,1.42483,1.425,1.00,1.00
2017.01.27 02:05:46.600,1.42484,1.425,1.00,1.00
2017.01.27 02:05:47.826,1.42485,1.425,1.00,1.00
2017.01.27 02:05:48.288,1.42485,1.42502,1.00,1.50
2017.01.27 02:05:48.338,1.42487,1.42501,1.00,1.00
2017.01.27 02:05:48.389,1.42487,1.42503,1.00,1.00
2017.01.27 02:05:48.534,1.42489,1.42503,1.00,1.00
2017.01.27 02:05:48.585,1.42487,1.42506,1.12,1.12
2017.01.27 02:05:49.022,1.42485,1.42505,3.00,1.12
2017.01.27 02:05:49.123,1.42485,1.42503,3.00,1.00
2017.01.27 02:05:49.426,1.42485,1.425,1.00,1.00
2017.01.27 02:05:49.477,1.42483,1.425,1.12,1.00
2017.01.27 02:05:49.679,1.42481,1.425,1.87,1.87
2017.01.27 02:05:49.729,1.42483,1.425,1.00,1.87
2017.01.27 02:05:50.316,1.42484,1.425,1.00,1.87
2017.01.27 02:05:52.762,1.42482,1.425,1.00,2.62
2017.01.27 02:05:53.306,1.42481,1.425,1.12,1.87
2017.01.27 02:05:53.880,1.42484,1.42499,1.00,1.00
2017.01.27 02:05:54.032,1.42485,1.42502,1.00,1.87
2017.01.27 02:06:00.210,1.42484,1.42502,1.50,1.12
2017.01.27 02:06:00.417,1.42486,1.42505,1.00,1.87
2017.01.27 02:06:00.468,1.42488,1.42505,1.00,1.87
2017.01.27 02:06:01.031,1.42487,1.42505,1.12,1.50
2017.01.27 02:06:03.181,1.42486,1.42502,1.00,1.00
2017.01.27 02:06:03.383,1.42484,1.42502,1.50,1.00
2017.01.27 02:06:03.587,1.42484,1.425,1.50,1.00
2017.01.27 02:06:04.254,1.42484,1.42501,1.00,1.00
2017.01.27 02:06:05.296,1.42484,1.425,1.00,1.00
2017.01.27 02:06:05.777,1.42487,1.425,1.00,1.00
2017.01.27 02:06:05.923,1.4248,1.42498,2.25,1.00
2017.01.27 02:06:06.118,1.42479,1.42496,1.00,1.12
2017.01.27 02:06:06.868,1.42481,1.42496,1.00,1.12
2017.01.27 02:06:07.591,1.42483,1.42497,1.00,1.50
2017.01.27 02:06:07.761,1.42483,1.42498,1.00,1.00
2017.01.27 02:06:07.812,1.42485,1.425,1.00,1.00
2017.01.27 02:06:07.913,1.42483,1.425,1.12,1.50
2017.01.27 02:06:09.033,1.42481,1.42499,1.50,1.00
2017.01.27 02:06:09.279,1.42482,1.42496,1.00,1.00
2017.01.27 02:06:09.868,1.42482,1.42498,1.00,1.50
2017.01.27 02:06:10.520,1.42482,1.42496,1.00,1.00
2017.01.27 02:06:10.957,1.42482,1.42498,1.50,1.50
2017.01.27 02:06:11.008,1.42484,1.42498,1.00,1.00
2017.01.27 02:06:12.242,1.42484,1.425,1.00,1.00
2017.01.27 02:06:13.855,1.42486,1.42501,1.00,1.00
2017.01.27 02:06:14.409,1.42486,1.42503,1.00,1.00
2017.01.27 02:06:14.601,1.42484,1.42501,1.00,1.00
2017.01.27 02:06:15.192,1.42484,1.425,1.00,1.00
2017.01.27 02:06:15.404,1.42485,1.42503,1.50,1.00
2017.01.27 02:06:15.715,1.42487,1.42503,1.00,1.00
2017.01.27 02:06:16.018,1.42488,1.42506,1.00,2.25
2017.01.27 02:06:17.816,1.42487,1.42506,1.50,2.25
2017.01.27 02:06:20.319,1.42488,1.42506,1.00,1.50
2017.01.27 02:06:36.402,1.4249,1.42505,1.00,1.12
2017.01.27 02:06:36.705,1.42494,1.42505,1.00,1.00
2017.01.27 02:06:36.806,1.42492,1.42509,1.00,1.12
2017.01.27 02:06:36.907,1.4249,1.42509,1.50,1.12
2017.01.27 02:06:37.048,1.4249,1.42505,1.00,1.00
2017.01.27 02:06:37.099,1.42488,1.42505,1.00,1.00
2017.01.27 02:06:37.353,1.42486,1.42505,1.50,1.12
2017.01.27 02:06:37.404,1.42488,1.42505,1.00,1.12
2017.01.27 02:06:37.931,1.42489,1.42505,1.00,1.12
2017.01.27 02:06:38.032,1.42489,1.42507,1.00,1.12
2017.01.27 02:06:38.335,1.42491,1.42507,1.00,1.12
2017.01.27 02:06:39.767,1.42491,1.42506,1.00,1.00
2017.01.27 02:06:43.785,1.42489,1.42506,1.00,1.00
2017.01.27 02:06:44.659,1.42488,1.42506,2.25,1.00
2017.01.27 02:06:45.194,1.42489,1.42506,1.00,1.00
2017.01.27 02:06:45.396,1.42489,1.42508,1.50,1.87
2017.01.27 02:06:47.438,1.42491,1.42508,1.00,1.00
2017.01.27 02:06:49.843,1.42491,1.42507,1.00,1.00
2017.01.27 02:06:50.379,1.42491,1.42509,1.00,1.50
2017.01.27 02:06:51.401,1.4249,1.42506,1.50,1.00
2017.01.27 02:06:58.931,1.4249,1.42507,1.00,1.00
2017.01.27 02:06:59.741,1.4249,1.42508,1.50,2.62
2017.01.27 02:07:01.468,1.42492,1.42508,1.00,2.62
2017.01.27 02:07:01.999,1.42491,1.42508,1.00,2.62
2017.01.27 02:07:02.510,1.4249,1.42507,1.50,1.00
2017.01.27 02:07:03.034,1.4249,1.42507,1.00,2.25
2017.01.27 02:07:04.665,1.42489,1.42507,1.00,2.25
2017.01.27 02:07:04.715,1.42487,1.42507,1.87,2.25
2017.01.27 02:07:04.957,1.42487,1.42506,1.00,2.25
2017.01.27 02:07:05.481,1.42486,1.42506,1.00,3.00
2017.01.27 02:07:06.755,1.42486,1.42501,1.00,1.00
2017.01.27 02:07:06.957,1.4248,1.42499,1.00,1.50
2017.01.27 02:07:07.007,1.42485,1.42497,1.00,1.00
2017.01.27 02:07:07.058,1.4248,1.42497,1.00,1.00
2017.01.27 02:07:07.631,1.4248,1.42496,1.00,1.00
2017.01.27 02:07:08.000,1.42478,1.42498,1.00,3.00
2017.01.27 02:07:08.151,1.42478,1.42498,1.00,2.62
2017.01.27 02:07:08.253,1.42481,1.42498,1.00,1.87
2017.01.27 02:07:08.924,1.42482,1.42498,1.00,1.87
2017.01.27 02:07:12.028,1.42482,1.42497,1.00,1.00
2017.01.27 02:07:13.039,1.42482,1.42498,1.00,1.00
2017.01.27 02:07:13.359,1.42482,1.42496,1.00,1.00
2017.01.27 02:07:13.901,1.42482,1.42497,1.50,1.00
2017.01.27 02:07:13.952,1.42482,1.42499,1.50,1.12
2017.01.27 02:07:14.103,1.42486,1.42501,1.00,1.00
2017.01.27 02:07:14.154,1.42486,1.42503,1.00,2.62
2017.01.27 02:07:14.775,1.42485,1.42503,1.00,1.87
2017.01.27 02:07:15.777,1.42486,1.42503,1.00,1.87
2017.01.27 02:07:15.828,1.42488,1.42503,1.00,1.87
2017.01.27 02:07:18.691,1.42484,1.42503,4.12,1.87
2017.01.27 02:07:18.843,1.42484,1.42502,1.00,2.25
2017.01.27 02:07:19.287,1.42481,1.425,2.25,1.00
2017.01.27 02:07:19.337,1.4248,1.42496,1.75,1.00
2017.01.27 02:07:19.388,1.4248,1.42495,1.00,1.00
2017.01.27 02:07:19.439,1.42478,1.42496,2.25,1.50
2017.01.27 02:07:19.540,1.4248,1.42496,1.00,1.00
2017.01.27 02:07:19.916,1.42481,1.42499,1.50,1.50
2017.01.27 02:07:19.967,1.42483,1.42501,1.00,2.25
2017.01.27 02:07:20.473,1.42484,1.42501,1.00,1.50
2017.01.27 02:07:21.005,1.42482,1.42501,1.00,1.50
2017.01.27 02:07:23.054,1.42483,1.42502,1.00,3.00
2017.01.27 02:07:25.985,1.42482,1.42501,1.00,1.00
2017.01.27 02:07:26.075,1.42484,1.42502,1.00,3.37
2017.01.27 02:07:26.513,1.42481,1.42499,1.50,1.00
2017.01.27 02:07:27.072,1.42481,1.42499,1.12,1.50
2017.01.27 02:07:27.626,1.42481,1.42499,1.00,2.25
2017.01.27 02:07:32.863,1.42481,1.42497,1.00,1.00
2017.01.27 02:07:33.165,1.42475,1.42485,1.00,1.12
2017.01.27 02:07:33.266,1.42472,1.42485,1.00,1.12
2017.01.27 02:07:33.845,1.42473,1.42487,1.00,2.25
2017.01.27 02:07:35.474,1.42473,1.42485,1.00,1.00
2017.01.27 02:07:38.129,1.42472,1.42485,1.00,1.00
2017.01.27 02:07:39.321,1.42472,1.42484,1.00,1.00
2017.01.27 02:07:39.817,1.42469,1.42482,1.00,1.00
2017.01.27 02:07:39.868,1.42472,1.42482,1.00,1.00
2017.01.27 02:07:40.645,1.42473,1.42483,1.00,1.00
2017.01.27 02:07:40.696,1.42467,1.42483,1.00,1.00
2017.01.27 02:07:40.746,1.42473,1.42483,1.00,1.12
2017.01.27 02:07:40.798,1.42467,1.42483,1.00,1.00
2017.01.27 02:07:40.883,1.42472,1.42483,1.00,1.00
2017.01.27 02:07:41.201,1.42472,1.42485,1.00,1.00
2017.01.27 02:07:41.552,1.42472,1.42483,1.00,1.00
2017.01.27 02:07:42.078,1.42472,1.42484,1.00,1.00
2017.01.27 02:07:45.056,1.42472,1.42482,1.00,1.00
2017.01.27 02:07:45.615,1.42464,1.42482,1.50,1.00
2017.01.27 02:07:45.666,1.42472,1.42482,1.00,1.00
2017.01.27 02:07:45.767,1.42462,1.42479,1.12,1.00
2017.01.27 02:07:46.070,1.42467,1.42481,1.00,1.50
2017.01.27 02:07:46.121,1.42467,1.42485,1.00,2.62
2017.01.27 02:07:46.740,1.42468,1.42485,1.00,1.00
2017.01.27 02:07:47.281,1.42468,1.42486,1.00,1.00
2017.01.27 02:07:47.816,1.42468,1.42485,1.00,1.00
2017.01.27 02:07:49.837,1.42467,1.42485,1.12,1.00
2017.01.27 02:07:50.573,1.42465,1.42485,2.25,1.00
2017.01.27 02:07:51.170,1.42467,1.42485,1.00,1.00
2017.01.27 02:07:51.674,1.42467,1.42484,1.00,1.00
2017.01.27 02:07:53.342,1.42467,1.42486,1.50,2.25
2017.01.27 02:07:53.494,1.42468,1.42486,2.25,1.00
2017.01.27 02:07:53.843,1.4247,1.42489,1.00,3.75
2017.01.27 02:07:54.045,1.42472,1.4249,1.00,1.12
2017.01.27 02:07:54.348,1.42475,1.42491,1.00,1.00
2017.01.27 02:07:55.220,1.42473,1.42491,1.12,1.00
2017.01.27 02:07:55.599,1.4247,1.42491,2.25,1.12
2017.01.27 02:07:55.650,1.42469,1.42488,2.25,1.00
2017.01.27 02:07:55.751,1.42468,1.42487,1.12,1.00
2017.01.27 02:07:56.004,1.42466,1.42484,1.12,1.00
2017.01.27 02:07:56.584,1.42466,1.42483,1.00,1.00
2017.01.27 02:07:59.299,1.42464,1.42483,2.25,1.00
2017.01.27 02:08:00.620,1.42464,1.42483,1.50,1.50
2017.01.27 02:08:01.746,1.42463,1.42481,1.12,1.00
2017.01.27 02:08:02.048,1.42457,1.42477,1.12,1.37
2017.01.27 02:08:02.352,1.42453,1.42471,1.00,1.50
2017.01.27 02:08:02.503,1.42451,1.4247,1.12,2.62
2017.01.27 02:08:02.604,1.42449,1.42466,1.00,1.87
2017.01.27 02:08:02.655,1.42447,1.42466,1.00,2.62
2017.01.27 02:08:02.706,1.42445,1.42466,1.50,2.25
2017.01.27 02:08:02.858,1.42445,1.42466,1.50,2.25
2017.01.27 02:08:03.261,1.42446,1.42466,1.00,2.25
2017.01.27 02:08:04.002,1.42448,1.42465,1.00,1.12
2017.01.27 02:08:04.612,1.42449,1.42465,1.00,1.12
2017.01.27 02:08:07.489,1.42448,1.42465,1.00,1.12
2017.01.27 02:08:07.792,1.42453,1.42465,1.00,1.00
2017.01.27 02:08:07.843,1.42454,1.42468,1.00,1.00
2017.01.27 02:08:08.045,1.42455,1.42473,1.00,1.12
2017.01.27 02:08:09.226,1.42454,1.42475,1.12,3.75
2017.01.27 02:08:09.774,1.42453,1.42472,1.50,1.50
2017.01.27 02:08:10.298,1.42453,1.42472,1.12,1.87
2017.01.27 02:08:12.625,1.42453,1.42471,1.12,1.00
2017.01.27 02:08:12.676,1.42453,1.42469,1.12,1.00
2017.01.27 02:08:12.727,1.42451,1.42469,1.00,1.50
2017.01.27 02:08:12.778,1.42451,1.42467,1.00,1.00
2017.01.27 02:08:20.559,1.42449,1.42467,1.50,2.25
2017.01.27 02:08:27.438,1.42447,1.42466,1.50,1.00
2017.01.27 02:08:27.575,1.42447,1.42463,1.00,1.00
2017.01.27 02:08:28.175,1.42447,1.42462,1.00,1.00
2017.01.27 02:08:35.595,1.42446,1.42462,1.00,1.00
2017.01.27 02:08:37.214,1.42449,1.42465,1.00,1.12
2017.01.27 02:08:37.517,1.42452,1.42468,1.50,1.00
2017.01.27 02:08:37.618,1.42452,1.42471,1.12,1.12
2017.01.27 02:08:42.955,1.42454,1.42473,1.00,1.75
2017.01.27 02:08:43.329,1.42452,1.42473,1.12,2.25
2017.01.27 02:08:43.933,1.42452,1.4247,1.12,1.00
2017.01.27 02:08:50.780,1.42452,1.42472,1.12,1.50
2017.01.27 02:08:50.932,1.4245,1.42469,1.75,1.00
2017.01.27 02:08:51.033,1.4245,1.42469,1.00,1.50
2017.01.27 02:08:52.841,1.42452,1.42469,1.00,1.00
2017.01.27 02:08:53.360,1.42451,1.42469,1.00,1.00
2017.01.27 02:08:56.680,1.42452,1.42472,1.00,1.50
2017.01.27 02:08:56.731,1.42455,1.42472,1.00,1.00
2017.01.27 02:08:56.983,1.42455,1.42475,1.00,1.12
2017.01.27 02:08:57.034,1.42457,1.42475,1.00,1.12
2017.01.27 02:08:57.135,1.42455,1.42475,1.12,1.00
2017.01.27 02:08:57.501,1.42457,1.42475,1.00,1.00
2017.01.27 02:08:57.854,1.42459,1.42476,1.00,1.12
2017.01.27 02:08:57.955,1.42461,1.42479,1.00,1.00
2017.01.27 02:08:58.167,1.42463,1.42481,1.50,1.00
2017.01.27 02:09:00.465,1.42464,1.42483,1.00,1.50
2017.01.27 02:09:01.010,1.42465,1.42483,1.00,1.50
2017.01.27 02:09:01.162,1.42465,1.42485,1.50,1.12
2017.01.27 02:09:01.363,1.42463,1.42482,1.50,1.00
2017.01.27 02:09:04.662,1.42463,1.42482,1.00,1.50
2017.01.27 02:09:05.205,1.42462,1.42481,1.12,1.12
2017.01.27 02:09:09.512,1.42462,1.4248,1.00,1.12
2017.01.27 02:09:16.392,1.42462,1.42479,1.00,1.00
2017.01.27 02:09:17.777,1.42462,1.42481,1.00,2.25
2017.01.27 02:09:18.137,1.42465,1.42484,1.00,1.75
2017.01.27 02:09:19.095,1.42464,1.42484,1.00,1.75
2017.01.27 02:09:19.642,1.42463,1.42484,1.87,2.25
2017.01.27 02:09:20.803,1.42465,1.42484,1.00,2.25
2017.01.27 02:09:22.890,1.42465,1.42481,1.00,1.00
2017.01.27 02:09:23.142,1.42462,1.42482,1.00,1.50
2017.01.27 02:09:32.419,1.42462,1.4248,1.00,1.00
2017.01.27 02:09:32.988,1.42461,1.42479,1.00,1.00
2017.01.27 02:09:33.089,1.42458,1.42479,1.12,1.12
2017.01.27 02:09:33.140,1.42458,1.42477,1.12,1.12
2017.01.27 02:09:33.442,1.42456,1.42475,1.00,1.00
2017.01.27 02:09:34.490,1.42456,1.42475,1.00,1.50
2017.01.27 02:09:35.431,1.42453,1.42474,2.25,1.87
2017.01.27 02:09:35.481,1.42453,1.42474,1.87,1.87
2017.01.27 02:09:36.768,1.42453,1.42473,1.50,1.50
2017.01.27 02:09:37.119,1.42451,1.4247,1.12,1.12
2017.01.27 02:09:38.333,1.42451,1.42469,1.12,1.00
2017.01.27 02:09:39.496,1.42451,1.42467,1.12,1.00
2017.01.27 02:09:45.223,1.42451,1.42466,1.00,1.00
2017.01.27 02:09:45.274,1.42448,1.42466,2.25,1.00
2017.01.27 02:09:45.812,1.42448,1.42465,1.12,1.00
2017.01.27 02:09:48.672,1.42447,1.42465,1.12,1.00
2017.01.27 02:09:48.855,1.42446,1.42463,1.50,1.00
2017.01.27 02:09:49.162,1.42444,1.42459,1.00,1.12
2017.01.27 02:09:49.212,1.42443,1.4246,1.00,1.12
2017.01.27 02:09:49.314,1.42439,1.42453,2.25,1.12
2017.01.27 02:09:49.516,1.42434,1.42453,1.50,1.75
2017.01.27 02:09:49.667,1.42434,1.42453,1.50,1.12
2017.01.27 02:09:49.870,1.42438,1.42453,1.00,1.00
2017.01.27 02:09:49.920,1.42438,1.42455,1.00,1.00
2017.01.27 02:09:50.022,1.42438,1.42459,1.50,2.62
2017.01.27 02:09:51.330,1.42441,1.4246,1.00,2.62
2017.01.27 02:09:51.705,1.42445,1.42463,1.50,1.37
2017.01.27 02:09:51.957,1.42445,1.42464,1.50,1.00
2017.01.27 02:09:52.370,1.42445,1.42462,1.50,1.00
2017.01.27 02:09:53.237,1.42445,1.4246,1.50,1.00
2017.01.27 02:09:54.017,1.42445,1.4246,1.00,1.00
2017.01.27 02:09:56.158,1.42445,1.42461,1.00,1.00
2017.01.27 02:09:58.183,1.42445,1.4246,1.00,1.00
2017.01.27 02:09:58.284,1.42445,1.42464,1.50,1.87
2017.01.27 02:09:58.894,1.42445,1.42464,1.50,1.00
2017.01.27 02:10:00.873,1.42445,1.42464,1.00,1.12
2017.01.27 02:10:01.814,1.42447,1.42464,1.00,1.12
2017.01.27 02:10:02.318,1.42448,1.42467,1.00,2.25
2017.01.27 02:10:02.702,1.4245,1.42467,1.00,1.12
2017.01.27 02:10:02.981,1.4245,1.42467,1.00,1.00
2017.01.27 02:10:03.032,1.42446,1.42466,1.12,1.00
2017.01.27 02:10:03.385,1.42449,1.42467,1.00,1.75
2017.01.27 02:10:03.941,1.4245,1.42468,1.00,1.00
2017.01.27 02:10:03.991,1.42452,1.4247,1.00,1.50
2017.01.27 02:10:04.524,1.42452,1.4247,1.00,1.12
2017.01.27 02:10:05.029,1.42451,1.4247,1.12,1.12
2017.01.27 02:10:05.332,1.42451,1.42468,1.00,1.50
2017.01.27 02:10:05.649,1.42449,1.42464,1.00,1.00
2017.01.27 02:10:06.216,1.42449,1.42465,1.00,1.12
2017.01.27 02:10:07.477,1.42449,1.42468,1.00,2.62
2017.01.27 02:10:08.568,1.42449,1.42467,1.00,1.50
2017.01.27 02:10:08.669,1.42449,1.42465,1.00,2.25
2017.01.27 02:10:09.407,1.42447,1.42464,1.00,1.12
2017.01.27 02:10:09.459,1.42449,1.42465,1.50,1.00
2017.01.27 02:10:09.662,1.42452,1.42471,1.00,1.87
2017.01.27 02:10:09.965,1.42452,1.42469,1.00,1.00
2017.01.27 02:10:10.269,1.42452,1.42467,1.00,1.50
2017.01.27 02:10:10.420,1.42449,1.42466,1.00,1.12
2017.01.27 02:10:12.199,1.42447,1.42466,1.12,1.87
2017.01.27 02:10:12.451,1.42447,1.42464,1.00,1.12
2017.01.27 02:10:14.713,1.42445,1.42462,1.00,1.00
2017.01.27 02:10:14.865,1.42445,1.42464,1.00,2.25
2017.01.27 02:10:15.906,1.42448,1.42467,1.00,2.62
2017.01.27 02:10:16.076,1.42448,1.42467,1.12,1.50
2017.01.27 02:10:16.581,1.42448,1.42467,1.50,1.00
2017.01.27 02:10:16.944,1.4245,1.42469,1.00,1.50
2017.01.27 02:10:17.196,1.4245,1.42466,1.12,1.50
2017.01.27 02:10:17.247,1.42448,1.42466,1.12,1.50
2017.01.27 02:10:17.688,1.42448,1.42464,1.12,1.00
2017.01.27 02:10:18.986,1.42448,1.42465,1.12,1.00
2017.01.27 02:10:19.289,1.42446,1.4246,1.00,1.00
2017.01.27 02:10:19.490,1.42443,1.42461,1.12,1.00
2017.01.27 02:10:19.882,1.42443,1.42459,1.12,1.00
2017.01.27 02:10:20.185,1.4244,1.42457,2.25,1.00
2017.01.27 02:10:20.236,1.4244,1.42457,1.50,1.00
2017.01.27 02:10:20.810,1.4244,1.42458,1.00,1.00
2017.01.27 02:10:21.201,1.42442,1.42461,1.00,1.75
2017.01.27 02:10:21.251,1.42444,1.42462,1.00,1.12
2017.01.27 02:10:21.353,1.42447,1.42464,1.00,1.00
2017.01.27 02:10:21.557,1.42445,1.42465,1.12,1.00
2017.01.27 02:10:29.017,1.42445,1.42464,1.12,1.00
2017.01.27 02:10:29.119,1.42445,1.42462,1.12,1.00
2017.01.27 02:10:29.428,1.42444,1.4246,1.00,1.00
2017.01.27 02:10:29.781,1.42444,1.42458,1.00,1.00
2017.01.27 02:10:29.882,1.42444,1.4246,1.00,1.00
2017.01.27 02:10:30.456,1.42443,1.4246,1.50,1.00
2017.01.27 02:10:34.247,1.42444,1.42461,1.00,1.00
2017.01.27 02:10:34.751,1.42444,1.42462,1.00,1.12
2017.01.27 02:10:35.226,1.42448,1.42467,1.00,1.75
2017.01.27 02:10:35.327,1.42446,1.42467,3.00,1.50
2017.01.27 02:10:35.378,1.42449,1.42467,1.00,1.50
2017.01.27 02:10:35.929,1.42449,1.42467,1.00,1.50
2017.01.27 02:10:37.358,1.42449,1.42466,1.00,1.00
2017.01.27 02:10:37.560,1.42444,1.42464,1.87,3.00
2017.01.27 02:10:38.319,1.42444,1.42464,1.87,1.50
2017.01.27 02:10:40.353,1.42445,1.42464,1.00,1.50
2017.01.27 02:10:40.454,1.42447,1.42464,1.00,1.00
2017.01.27 02:10:40.606,1.42449,1.42468,1.00,1.50
2017.01.27 02:10:41.411,1.42449,1.42468,1.12,1.12
2017.01.27 02:10:46.370,1.42451,1.4247,1.00,1.75
2017.01.27 02:10:46.421,1.42451,1.4247,1.12,1.00
2017.01.27 02:10:46.472,1.42453,1.4247,1.00,1.00
2017.01.27 02:10:46.652,1.42455,1.42475,1.00,3.00
2017.01.27 02:10:47.175,1.42457,1.42475,1.00,1.50
2017.01.27 02:10:47.427,1.42458,1.42476,1.00,1.87
2017.01.27 02:10:48.516,1.42457,1.42473,1.00,1.00
2017.01.27 02:10:48.836,1.42456,1.42469,1.00,1.00
2017.01.27 02:10:49.385,1.42456,1.4247,1.00,1.00
2017.01.27 02:10:52.014,1.42456,1.42469,1.00,1.00
2017.01.27 02:10:52.065,1.42452,1.42471,1.50,1.00
2017.01.27 02:10:52.687,1.42453,1.42472,1.00,1.12
2017.01.27 02:10:53.226,1.42455,1.42474,1.00,2.25
2017.01.27 02:10:53.793,1.42455,1.42474,1.12,1.87
2017.01.27 02:10:55.986,1.42457,1.42474,1.00,1.12
2017.01.27 02:10:56.361,1.42459,1.42475,1.00,1.50
2017.01.27 02:10:56.412,1.42459,1.42476,1.00,1.00
2017.01.27 02:10:56.513,1.42461,1.42476,1.00,1.00
2017.01.27 02:10:56.715,1.42461,1.4248,1.00,1.50
2017.01.27 02:10:56.817,1.42463,1.42481,1.00,2.25
2017.01.27 02:10:56.867,1.42463,1.42481,1.00,1.12
2017.01.27 02:10:57.377,1.42464,1.42482,1.00,1.00
2017.01.27 02:10:57.889,1.42463,1.42482,1.50,1.00
2017.01.27 02:10:58.091,1.42463,1.4248,2.25,1.00
2017.01.27 02:10:58.579,1.42463,1.42477,1.50,1.00
2017.01.27 02:10:58.630,1.42461,1.42477,1.12,1.00
2017.01.27 02:10:58.782,1.42461,1.42475,1.00,1.00
2017.01.27 02:10:59.288,1.42461,1.42476,1.00,1.00
2017.01.27 02:11:00.634,1.42463,1.42481,1.50,3.75
2017.01.27 02:11:00.685,1.42466,1.42484,1.00,1.75
2017.01.27 02:11:00.735,1.42466,1.42484,1.00,1.00
2017.01.27 02:11:01.269,1.42466,1.42484,1.00,1.50
2017.01.27 02:11:02.518,1.42466,1.42482,1.00,1.00
2017.01.27 02:11:02.569,1.42465,1.4248,1.50,1.00
2017.01.27 02:11:02.620,1.42463,1.42481,1.00,1.00
2017.01.27 02:11:02.671,1.42463,1.42479,1.00,1.00
2017.01.27 02:11:03.175,1.42463,1.42478,1.00,1.00
2017.01.27 02:11:03.919,1.42463,1.42478,1.00,1.50
2017.01.27 02:11:09.096,1.42463,1.42482,1.87,1.50
2017.01.27 02:11:09.248,1.42465,1.42483,1.00,1.00
2017.01.27 02:11:14.139,1.42465,1.42482,1.00,1.00
2017.01.27 02:11:14.963,1.42466,1.42483,1.50,1.00
2017.01.27 02:11:15.014,1.42467,1.42485,1.00,1.00
2017.01.27 02:11:15.242,1.42469,1.42487,1.87,1.00
2017.01.27 02:11:15.812,1.4247,1.42488,1.50,1.00
2017.01.27 02:11:16.153,1.42469,1.42485,1.00,1.00
2017.01.27 02:11:16.815,1.42469,1.42484,1.00,1.00
2017.01.27 02:11:21.047,1.42467,1.42484,3.00,1.00
2017.01.27 02:11:21.855,1.42467,1.42485,3.00,1.00
2017.01.27 02:11:25.153,1.42467,1.42484,2.25,1.00
2017.01.27 02:11:25.815,1.42467,1.42484,1.00,1.00
2017.01.27 02:11:26.145,1.42476,1.42492,1.00,1.12
2017.01.27 02:11:26.646,1.42477,1.42494,1.00,1.75
2017.01.27 02:11:26.762,1.42477,1.42494,1.00,1.12
2017.01.27 02:11:27.527,1.42477,1.42492,1.00,1.00
2017.01.27 02:11:28.343,1.42475,1.42491,1.00,1.00
2017.01.27 02:11:29.358,1.42475,1.42493,1.00,1.87
2017.01.27 02:11:32.523,1.42475,1.42493,1.00,2.25
2017.01.27 02:11:33.395,1.42475,1.42493,1.00,2.25
2017.01.27 02:11:34.491,1.42475,1.42493,1.00,1.87
2017.01.27 02:11:35.592,1.42475,1.42493,1.00,2.25
2017.01.27 02:11:37.563,1.42476,1.42494,1.00,1.75
2017.01.27 02:11:38.124,1.42476,1.42494,1.00,1.50
2017.01.27 02:11:50.114,1.42475,1.42494,1.00,1.50
2017.01.27 02:11:50.626,1.42475,1.42492,1.00,1.12
2017.01.27 02:11:58.727,1.42475,1.42492,1.00,1.75
2017.01.27 02:11:59.131,1.42473,1.4249,1.00,2.62
2017.01.27 02:11:59.383,1.42471,1.42487,1.50,1.00
2017.01.27 02:11:59.700,1.42473,1.42488,1.00,1.12
2017.01.27 02:12:00.157,1.42473,1.42489,1.00,1.50
2017.01.27 02:12:00.361,1.42474,1.42491,1.00,2.25
2017.01.27 02:12:00.908,1.42474,1.42492,1.00,3.75
2017.01.27 02:12:01.667,1.42474,1.42493,1.00,1.87
2017.01.27 02:12:02.185,1.42475,1.42493,1.00,1.00
2017.01.27 02:12:08.045,1.42475,1.42491,1.00,1.00
2017.01.27 02:12:20.172,1.42475,1.42491,1.00,1.50
2017.01.27 02:12:21.280,1.42475,1.42485,1.00,1.00
2017.01.27 02:12:21.381,1.42469,1.42485,1.00,1.00
2017.01.27 02:12:21.432,1.42467,1.42485,1.50,1.00
2017.01.27 02:12:22.161,1.42465,1.42484,1.12,1.00
2017.01.27 02:12:22.695,1.42464,1.42483,1.50,1.50
2017.01.27 02:12:22.746,1.42464,1.4248,1.50,1.00
2017.01.27 02:12:23.281,1.42464,1.4248,1.12,1.00
2017.01.27 02:12:29.212,1.42464,1.42482,1.87,1.00
2017.01.27 02:12:34.669,1.42464,1.42481,1.87,1.00
2017.01.27 02:12:37.995,1.42464,1.4248,1.87,1.00
2017.01.27 02:12:52.314,1.42463,1.4248,1.12,1.00
2017.01.27 02:12:52.466,1.42462,1.42478,1.00,1.00
2017.01.27 02:12:53.125,1.42462,1.42477,1.00,1.00
2017.01.27 02:12:53.836,1.42463,1.42477,1.00,1.00
2017.01.27 02:12:53.970,1.42461,1.42477,1.50,1.00
2017.01.27 02:12:56.165,1.42461,1.42475,1.00,1.00
2017.01.27 02:13:00.379,1.4246,1.42474,1.00,1.00
2017.01.27 02:13:01.145,1.42458,1.42474,1.12,1.00
2017.01.27 02:13:04.282,1.42458,1.42476,1.00,1.50
2017.01.27 02:13:04.383,1.42458,1.42478,1.50,1.87
2017.01.27 02:13:04.906,1.42459,1.42478,1.00,1.00
2017.01.27 02:13:05.915,1.42461,1.42478,1.00,1.00
2017.01.27 02:13:06.752,1.42461,1.42475,1.00,1.00
2017.01.27 02:13:07.361,1.42461,1.42474,1.00,1.00
2017.01.27 02:13:09.046,1.42461,1.42476,1.00,1.12
2017.01.27 02:13:09.097,1.42461,1.42479,1.00,2.25
2017.01.27 02:13:09.670,1.42461,1.42479,1.87,1.00
2017.01.27 02:13:10.892,1.42461,1.42479,2.25,1.00
2017.01.27 02:13:17.472,1.42461,1.42479,1.00,1.12
2017.01.27 02:13:19.645,1.42461,1.42476,1.00,1.00
2017.01.27 02:13:19.948,1.42457,1.42473,1.00,1.00
2017.01.27 02:13:23.352,1.42458,1.42475,1.00,1.12
2017.01.27 02:13:23.504,1.42459,1.42479,1.12,1.50
2017.01.27 02:13:23.857,1.42459,1.4248,2.62,1.87
2017.01.27 02:13:24.168,1.42459,1.42477,1.87,1.00
2017.01.27 02:13:24.437,1.42459,1.42477,1.50,1.00
2017.01.27 02:13:25.088,1.4246,1.42477,1.00,1.00
2017.01.27 02:13:26.264,1.4246,1.42478,1.50,1.00
2017.01.27 02:13:36.623,1.4246,1.42477,1.00,1.00
2017.01.27 02:13:37.235,1.4246,1.42476,1.00,1.00
2017.01.27 02:13:40.312,1.4246,1.42474,1.00,1.00
2017.01.27 02:13:40.556,1.42457,1.42473,1.12,1.00
2017.01.27 02:13:44.013,1.42457,1.42475,1.50,2.25
2017.01.27 02:13:44.114,1.42459,1.42475,1.00,1.00
2017.01.27 02:13:44.215,1.4246,1.4248,1.50,2.25
2017.01.27 02:13:44.328,1.42463,1.4248,1.50,1.12
2017.01.27 02:13:44.480,1.42463,1.42482,1.00,1.87
2017.01.27 02:13:46.822,1.42464,1.42482,1.00,1.12
2017.01.27 02:13:46.923,1.42468,1.42484,1.00,1.75
2017.01.27 02:13:46.974,1.42468,1.42484,1.12,1.00
2017.01.27 02:13:47.025,1.42475,1.42486,1.87,1.00
2017.01.27 02:13:47.075,1.42476,1.42489,1.00,1.12
2017.01.27 02:13:47.227,1.42478,1.4249,1.00,1.00
2017.01.27 02:13:47.278,1.42478,1.42496,1.12,1.50
2017.01.27 02:13:47.379,1.42477,1.42496,2.25,1.00
2017.01.27 02:13:47.682,1.42491,1.42504,1.12,1.00
2017.01.27 02:13:47.768,1.42492,1.42509,1.12,1.00
2017.01.27 02:13:47.819,1.42491,1.42506,1.75,1.00
2017.01.27 02:13:48.068,1.42491,1.42505,1.00,1.00
2017.01.27 02:13:48.119,1.4249,1.42502,1.00,1.00
2017.01.27 02:13:48.270,1.42488,1.42503,1.12,1.00
2017.01.27 02:13:48.371,1.42488,1.42506,1.00,1.50
2017.01.27 02:13:48.523,1.42488,1.42509,2.62,1.12
2017.01.27 02:13:50.405,1.42489,1.42509,1.00,1.12
2017.01.27 02:13:50.558,1.42488,1.42506,1.12,1.00
2017.01.27 02:13:50.863,1.42487,1.42506,1.12,1.75
2017.01.27 02:13:53.006,1.42487,1.42507,1.50,1.12
2017.01.27 02:13:53.307,1.4249,1.4251,1.00,1.75
2017.01.27 02:13:53.408,1.42491,1.42511,1.00,1.75
2017.01.27 02:13:53.459,1.42491,1.42511,1.00,1.87
2017.01.27 02:13:53.560,1.42492,1.42511,1.00,1.75
2017.01.27 02:13:54.119,1.42491,1.4251,1.00,1.87
2017.01.27 02:13:54.808,1.4249,1.4251,1.50,1.87
2017.01.27 02:13:57.035,1.42494,1.42513,1.00,1.75
2017.01.27 02:13:57.086,1.42494,1.42513,1.50,1.75
2017.01.27 02:13:59.018,1.42495,1.42513,1.00,1.87
2017.01.27 02:14:09.383,1.42495,1.42514,1.50,2.62
2017.01.27 02:14:22.018,1.42495,1.42514,1.50,1.50
2017.01.27 02:14:26.042,1.42497,1.42514,1.00,1.50
2017.01.27 02:14:27.098,1.42497,1.42514,1.00,1.12
2017.01.27 02:14:27.300,1.425,1.42518,1.00,1.12
2017.01.27 02:14:27.351,1.42504,1.4252,1.00,2.25
2017.01.27 02:14:27.553,1.42511,1.42529,1.00,1.12
2017.01.27 02:14:28.007,1.42513,1.42529,1.00,1.50
2017.01.27 02:14:28.247,1.42516,1.42535,1.12,1.12
2017.01.27 02:14:28.600,1.42515,1.42533,2.25,1.00
2017.01.27 02:14:29.144,1.42515,1.42533,1.00,1.00
2017.01.27 02:14:29.716,1.42512,1.42531,2.25,1.00
2017.01.27 02:14:30.090,1.4251,1.42529,1.00,1.50
2017.01.27 02:14:31.260,1.42508,1.42527,1.00,1.50
2017.01.27 02:14:37.751,1.42509,1.42527,1.00,1.00
2017.01.27 02:14:38.056,1.42516,1.42537,1.50,1.75
2017.01.27 02:14:38.107,1.42516,1.42537,1.50,1.50
2017.01.27 02:14:42.118,1.42517,1.42537,1.00,1.50
2017.01.27 02:14:46.343,1.42517,1.42537,1.50,1.12
2017.01.27 02:14:46.495,1.4252,1.42538,1.00,1.12
2017.01.27 02:14:46.797,1.4252,1.42538,1.00,1.75
2017.01.27 02:14:47.453,1.42517,1.42536,1.12,1.12
2017.01.27 02:14:47.554,1.42517,1.42536,1.00,1.75
2017.01.27 02:14:47.655,1.42517,1.42536,1.50,1.12
2017.01.27 02:14:48.684,1.42515,1.42534,1.50,1.12
2017.01.27 02:14:49.072,1.42517,1.42536,1.00,1.75
2017.01.27 02:14:49.577,1.42517,1.42536,1.00,1.50
2017.01.27 02:14:51.339,1.42516,1.42534,1.00,1.00
2017.01.27 02:14:56.277,1.42518,1.42534,1.00,1.00
2017.01.27 02:14:59.900,1.42516,1.42534,1.00,1.00
2017.01.27 02:15:01.868,1.42518,1.42534,1.00,1.00
2017.01.27 02:15:02.385,1.42517,1.42537,1.50,2.25
2017.01.27 02:15:02.688,1.42517,1.42537,1.00,2.62
2017.01.27 02:15:06.036,1.42514,1.42535,2.25,1.75
2017.01.27 02:15:06.288,1.42513,1.42532,1.87,1.12
2017.01.27 02:15:06.629,1.42515,1.42532,1.00,1.12
2017.01.27 02:15:12.527,1.42513,1.42532,1.87,1.12
2017.01.27 02:15:18.216,1.42515,1.42532,1.00,1.12
2017.01.27 02:15:20.620,1.42516,1.42534,1.00,1.75
2017.01.27 02:15:20.873,1.42519,1.42537,1.00,1.50
2017.01.27 02:15:21.416,1.42518,1.42537,1.00,1.50
2017.01.27 02:15:22.059,1.42517,1.42536,1.50,1.12
2017.01.27 02:15:38.817,1.4252,1.42538,1.00,1.75
2017.01.27 02:15:38.968,1.4252,1.42538,1.00,1.12
2017.01.27 02:15:39.473,1.42519,1.42538,1.00,1.00
2017.01.27 02:15:39.524,1.42519,1.42538,1.00,1.75
2017.01.27 02:15:51.505,1.42517,1.42538,1.00,1.75
2017.01.27 02:15:56.784,1.42516,1.42535,1.12,1.12
2017.01.27 02:15:57.087,1.42515,1.42533,1.00,1.00
2017.01.27 02:15:59.891,1.42514,1.42533,1.87,1.00
2017.01.27 02:16:00.517,1.42514,1.42533,1.50,1.50
2017.01.27 02:16:02.929,1.42515,1.42533,1.00,1.50
2017.01.27 02:16:03.465,1.42514,1.42533,1.50,1.50
2017.01.27 02:16:04.634,1.42515,1.42533,1.00,1.50
2017.01.27 02:16:04.936,1.42517,1.42533,1.00,1.50
2017.01.27 02:16:05.262,1.4252,1.42535,1.00,1.12
2017.01.27 02:16:05.439,1.42518,1.42535,1.00,1.12
2017.01.27 02:16:06.598,1.42519,1.42537,1.00,1.75
2017.01.27 02:16:06.850,1.42517,1.42537,1.00,1.75
2017.01.27 02:16:07.523,1.42517,1.42537,1.00,1.50
2017.01.27 02:16:09.778,1.42518,1.42537,1.00,1.50
2017.01.27 02:16:14.531,1.42517,1.42537,1.00,1.50
2017.01.27 02:16:14.738,1.42519,1.42537,1.00,1.50
2017.01.27 02:16:18.138,1.42517,1.42537,1.00,1.50
2017.01.27 02:16:21.632,1.42517,1.42533,1.00,1.00
2017.01.27 02:16:22.936,1.42516,1.42533,1.00,1.00
2017.01.27 02:16:23.532,1.42517,1.42533,1.00,1.00
2017.01.27 02:16:23.879,1.42519,1.42533,1.00,1.00
2017.01.27 02:16:23.981,1.42519,1.42536,1.00,1.50
2017.01.27 02:16:24.448,1.42521,1.42537,1.00,1.50
2017.01.27 02:16:24.996,1.42521,1.42537,1.00,1.12
2017.01.27 02:16:26.012,1.4252,1.42537,1.00,1.12
2017.01.27 02:16:26.582,1.42519,1.42537,1.50,1.12
2017.01.27 02:16:28.653,1.42517,1.42536,1.12,1.12
2017.01.27 02:16:32.502,1.42518,1.42536,1.00,1.12
2017.01.27 02:16:32.553,1.4252,1.42538,1.00,1.75
2017.01.27 02:16:32.998,1.42523,1.42538,1.00,1.75
2017.01.27 02:16:33.048,1.42523,1.42538,1.00,1.00
2017.01.27 02:16:36.549,1.42523,1.4254,1.00,1.50
2017.01.27 02:16:41.516,1.42524,1.4254,1.00,1.50
2017.01.27 02:16:42.020,1.42524,1.4254,1.00,1.00
2017.01.27 02:16:42.357,1.42521,1.4254,1.12,1.12
2017.01.27 02:16:42.829,1.42519,1.42538,1.00,1.00
2017.01.27 02:16:43.138,1.42518,1.42538,1.00,1.75
2017.01.27 02:16:43.854,1.42519,1.42538,1.00,1.75
2017.01.27 02:16:44.418,1.42518,1.42538,1.00,1.75
2017.01.27 02:16:44.957,1.42517,1.42535,1.00,1.00
2017.01.27 02:16:49.749,1.42516,1.42535,1.00,1.75
2017.01.27 02:16:49.799,1.4251,1.42528,1.75,1.00
2017.01.27 02:16:49.850,1.42511,1.42528,1.00,1.75
2017.01.27 02:16:50.102,1.42509,1.42528,1.00,1.75
2017.01.27 02:16:51.416,1.4251,1.42528,1.00,1.75
2017.01.27 02:16:51.618,1.42514,1.4253,1.00,1.87
2017.01.27 02:16:51.866,1.42517,1.42532,1.00,1.00
2017.01.27 02:16:52.017,1.42517,1.42534,1.00,1.12
2017.01.27 02:16:59.822,1.42518,1.42535,1.00,1.50
2017.01.27 02:17:00.395,1.42519,1.42535,1.00,1.12
2017.01.27 02:17:02.378,1.42517,1.42535,1.00,1.12
2017.01.27 02:17:03.109,1.42518,1.42535,1.00,1.12
2017.01.27 02:17:04.617,1.42517,1.42535,1.00,1.12
2017.01.27 02:17:05.417,1.42516,1.42535,1.50,1.12
2017.01.27 02:17:06.610,1.42515,1.42535,1.00,1.12
2017.01.27 02:17:09.772,1.42516,1.42535,1.00,1.12
2017.01.27 02:17:19.514,1.42515,1.42535,1.00,1.12
2017.01.27 02:17:19.565,1.42515,1.42535,1.00,1.75
2017.01.27 02:17:20.124,1.42514,1.42535,1.87,2.25
2017.01.27 02:17:21.640,1.42514,1.42532,1.12,1.00
2017.01.27 02:17:31.880,1.42513,1.42532,1.87,1.12
2017.01.27 02:17:32.309,1.42514,1.42532,1.00,1.75
2017.01.27 02:17:33.150,1.42515,1.42532,1.00,1.75
2017.01.27 02:17:41.018,1.42516,1.42531,1.00,1.75
2017.01.27 02:17:41.528,1.42517,1.42531,1.00,1.75
2017.01.27 02:17:43.071,1.42516,1.42531,1.00,1.75
2017.01.27 02:17:44.093,1.42516,1.42531,1.00,1.12
2017.01.27 02:17:47.781,1.42514,1.42531,1.00,1.12
2017.01.27 02:17:48.887,1.42513,1.42531,1.00,1.12
2017.01.27 02:17:48.937,1.42516,1.42533,1.00,1.75
2017.01.27 02:17:49.038,1.42517,1.42535,1.50,1.87
2017.01.27 02:17:49.190,1.42519,1.42535,1.00,1.00
2017.01.27 02:17:49.392,1.42519,1.42538,1.50,1.12
2017.01.27 02:17:51.119,1.4252,1.42538,1.00,1.12
2017.01.27 02:17:52.671,1.42519,1.42538,1.00,1.12
2017.01.27 02:17:53.888,1.42521,1.4254,1.00,1.75
2017.01.27 02:17:54.191,1.42526,1.4254,1.00,1.00
2017.01.27 02:17:57.315,1.42526,1.42543,1.00,1.75
2017.01.27 02:17:57.545,1.42526,1.42544,1.00,2.25
2017.01.27 02:17:58.081,1.42526,1.42544,1.00,2.25
2017.01.27 02:18:06.179,1.42524,1.42544,1.50,2.25
2017.01.27 02:18:06.431,1.42526,1.42544,1.00,2.25
2017.01.27 02:18:07.216,1.42527,1.42544,1.00,2.25
2017.01.27 02:18:07.418,1.42528,1.42544,1.00,1.12
2017.01.27 02:18:08.266,1.42531,1.42545,1.00,1.50
2017.01.27 02:18:08.427,1.42532,1.42548,1.00,1.12
2017.01.27 02:18:08.654,1.42534,1.42548,1.00,1.12
2017.01.27 02:18:09.226,1.42533,1.42548,1.00,1.00
2017.01.27 02:18:10.019,1.42531,1.42548,1.00,1.12
2017.01.27 02:18:10.799,1.4253,1.42548,1.00,1.12
2017.01.27 02:18:12.269,1.42532,1.42548,1.00,1.12
2017.01.27 02:18:12.571,1.42534,1.42548,1.00,1.00
2017.01.27 02:18:18.553,1.42534,1.42548,1.00,1.50
2017.01.27 02:18:18.604,1.42529,1.42548,1.00,1.50
2017.01.27 02:18:18.859,1.42532,1.42548,1.00,1.12
2017.01.27 02:18:19.162,1.42534,1.42548,1.00,1.00
2017.01.27 02:18:21.760,1.42534,1.42549,1.00,1.00
2017.01.27 02:18:31.475,1.42532,1.42549,1.00,1.00
2017.01.27 02:18:31.627,1.4253,1.42549,1.50,1.12
2017.01.27 02:18:35.027,1.42528,1.42547,1.12,1.12
2017.01.27 02:18:35.329,1.42528,1.42546,1.00,1.50
2017.01.27 02:18:35.830,1.42529,1.42546,1.00,1.12
2017.01.27 02:18:36.420,1.42531,1.42548,1.00,1.75
2017.01.27 02:18:36.471,1.42531,1.42548,1.00,1.12
2017.01.27 02:18:36.980,1.42532,1.42549,1.00,1.50
2017.01.27 02:18:37.499,1.42531,1.42549,1.00,1.50
2017.01.27 02:18:38.268,1.4253,1.42549,1.50,1.75
2017.01.27 02:18:39.147,1.42529,1.42548,1.00,1.50
2017.01.27 02:18:43.733,1.42528,1.42548,1.12,1.50
2017.01.27 02:18:44.255,1.42527,1.42548,1.87,1.75
2017.01.27 02:18:44.407,1.4253,1.42548,1.00,1.75
2017.01.27 02:18:44.508,1.4253,1.42548,1.00,1.12
2017.01.27 02:18:49.380,1.42529,1.42548,1.00,1.00
2017.01.27 02:18:51.819,1.42529,1.42549,1.00,1.12
2017.01.27 02:18:55.430,1.42531,1.42549,1.00,1.12
2017.01.27 02:18:55.682,1.42528,1.42549,1.87,1.12
2017.01.27 02:18:56.034,1.42528,1.42549,1.00,1.75
2017.01.27 02:18:57.399,1.42529,1.42549,1.00,1.75
2017.01.27 02:18:59.218,1.4253,1.42549,1.00,1.75
2017.01.27 02:18:59.319,1.4253,1.42549,1.00,1.12
2017.01.27 02:18:59.672,1.42532,1.42549,1.00,1.00
2017.01.27 02:19:00.248,1.42531,1.42549,1.00,1.00
2017.01.27 02:19:06.877,1.42529,1.42549,1.50,1.00
2017.01.27 02:19:06.928,1.42528,1.42549,1.12,1.12
2017.01.27 02:19:07.030,1.42528,1.42549,1.12,2.25
2017.01.27 02:19:08.029,1.42526,1.42546,1.50,1.12
2017.01.27 02:19:08.539,1.42526,1.42545,1.00,1.12
2017.01.27 02:19:10.824,1.42525,1.42542,1.00,1.00
2017.01.27 02:19:11.930,1.42526,1.42542,1.00,1.00
2017.01.27 02:19:16.895,1.42524,1.42542,1.00,1.00
2017.01.27 02:19:17.454,1.42523,1.42542,1.50,1.50
2017.01.27 02:19:17.724,1.42526,1.42542,1.00,1.50
2017.01.27 02:19:18.027,1.42529,1.42544,1.00,1.00
2017.01.27 02:19:21.900,1.42529,1.42547,1.00,1.50
2017.01.27 02:19:26.257,1.42522,1.42541,1.75,1.00
2017.01.27 02:19:26.307,1.4252,1.42541,4.50,1.75
2017.01.27 02:19:26.408,1.4252,1.42541,1.50,2.25
2017.01.27 02:19:26.509,1.4252,1.4254,1.50,1.12
2017.01.27 02:19:26.812,1.42522,1.42541,1.00,1.75
2017.01.27 02:19:26.863,1.42522,1.42541,1.00,1.00
2017.01.27 02:19:26.914,1.42524,1.42541,1.00,1.00
2017.01.27 02:19:29.864,1.42527,1.42544,1.00,1.75
2017.01.27 02:19:29.953,1.42529,1.42545,1.00,1.00
2017.01.27 02:19:30.256,1.4253,1.42549,1.00,2.25
2017.01.27 02:19:36.395,1.42531,1.42549,1.00,1.75
2017.01.27 02:19:37.413,1.4253,1.4255,1.00,2.25
2017.01.27 02:19:37.514,1.42532,1.4255,1.00,2.25
2017.01.27 02:19:41.581,1.4253,1.4255,1.00,2.25
2017.01.27 02:19:42.499,1.42529,1.4255,1.50,2.25
2017.01.27 02:19:51.939,1.42529,1.42548,2.25,1.00
2017.01.27 02:20:07.015,1.42529,1.4255,2.25,2.25
2017.01.27 02:20:10.923,1.4253,1.4255,1.00,2.25
2017.01.27 02:20:11.513,1.42531,1.4255,1.00,2.25
2017.01.27 02:20:12.552,1.42536,1.4255,1.00,2.25
2017.01.27 02:20:12.754,1.42536,1.42552,1.00,1.87
2017.01.27 02:20:12.805,1.42536,1.42552,1.00,2.25
2017.01.27 02:20:13.362,1.42536,1.42552,1.00,1.50
2017.01.27 02:20:13.876,1.42536,1.42552,1.00,1.12
2017.01.27 02:20:15.251,1.42537,1.42552,1.00,1.12
2017.01.27 02:20:15.831,1.42537,1.42554,1.00,2.25
2017.01.27 02:20:16.921,1.42535,1.42554,1.50,2.25
2017.01.27 02:20:17.022,1.42535,1.42554,2.25,2.25
2017.01.27 02:20:18.015,1.42535,1.42552,1.00,3.00
2017.01.27 02:20:18.347,1.42527,1.42546,1.00,2.02
2017.01.27 02:20:18.430,1.42527,1.42545,1.50,1.12
2017.01.27 02:20:18.733,1.42533,1.42546,1.00,1.00
2017.01.27 02:20:19.374,1.42533,1.42548,1.00,1.00
2017.01.27 02:20:21.085,1.42533,1.42549,1.00,1.00
2017.01.27 02:20:21.718,1.42534,1.42549,1.00,1.00
2017.01.27 02:20:21.769,1.42535,1.42553,1.00,2.25
2017.01.27 02:20:23.160,1.42539,1.42553,1.00,1.50
2017.01.27 02:20:23.799,1.42539,1.42555,1.00,2.25
2017.01.27 02:20:23.850,1.42534,1.42552,1.50,1.00
2017.01.27 02:20:24.190,1.42536,1.42552,1.00,1.00
2017.01.27 02:20:29.621,1.42535,1.42552,1.00,1.00
2017.01.27 02:20:30.151,1.42534,1.42552,1.00,1.00
2017.01.27 02:20:30.302,1.4253,1.42551,1.87,1.75
2017.01.27 02:20:30.825,1.42532,1.42551,1.00,1.75
2017.01.27 02:20:31.369,1.42535,1.42551,1.00,1.75
2017.01.27 02:20:33.204,1.42532,1.4255,1.00,1.50
2017.01.27 02:20:33.726,1.42533,1.4255,1.00,1.50
2017.01.27 02:20:34.388,1.42531,1.4255,1.00,1.50
2017.01.27 02:20:35.613,1.42534,1.4255,1.00,1.50
2017.01.27 02:20:36.229,1.42536,1.42551,1.00,1.75
2017.01.27 02:20:36.280,1.42536,1.42551,1.00,1.12
2017.01.27 02:20:36.816,1.42537,1.42551,1.00,1.12
2017.01.27 02:20:41.614,1.42535,1.42551,1.50,1.12
2017.01.27 02:20:57.634,1.42532,1.42553,1.12,2.25
2017.01.27 02:20:57.735,1.4253,1.42551,1.50,2.25
2017.01.27 02:20:59.530,1.4253,1.42549,1.50,1.00
2017.01.27 02:21:05.275,1.4253,1.42547,1.00,1.00
2017.01.27 02:21:07.268,1.42533,1.42549,1.00,2.25
2017.01.27 02:21:07.773,1.42533,1.42549,1.00,1.00
2017.01.27 02:21:11.276,1.42534,1.42549,1.00,1.00
2017.01.27 02:21:14.680,1.42533,1.42549,1.00,1.00
2017.01.27 02:21:14.781,1.4253,1.42549,2.62,1.00
2017.01.27 02:21:22.116,1.4253,1.42548,1.00,1.00
2017.01.27 02:21:25.593,1.42529,1.42548,1.00,1.00
2017.01.27 02:21:25.644,1.42529,1.42548,1.00,1.75
2017.01.27 02:21:26.037,1.42531,1.42548,1.00,1.75
2017.01.27 02:21:26.340,1.42534,1.42548,1.00,1.00
2017.01.27 02:21:37.146,1.42534,1.42549,1.00,1.12
2017.01.27 02:21:42.918,1.4253,1.42549,2.62,1.12
2017.01.27 02:21:43.456,1.4253,1.42549,1.50,1.50
2017.01.27 02:21:52.206,1.4253,1.42547,1.00,1.00
2017.01.27 02:21:57.814,1.42531,1.42547,1.00,1.00
2017.01.27 02:21:57.864,1.42533,1.42549,1.00,1.12
2017.01.27 02:22:01.013,1.42531,1.42549,1.87,1.00
2017.01.27 02:22:02.141,1.42531,1.42549,1.00,1.50
2017.01.27 02:22:07.206,1.4253,1.42549,1.50,1.50
2017.01.27 02:22:07.712,1.4253,1.42549,1.00,1.75
2017.01.27 02:22:09.264,1.42528,1.42549,1.12,2.25
2017.01.27 02:22:10.966,1.42528,1.42544,1.12,1.00
2017.01.27 02:22:16.904,1.42527,1.42544,1.50,1.00
2017.01.27 02:22:18.052,1.42529,1.42545,1.00,1.00
2017.01.27 02:22:18.103,1.42533,1.4255,1.00,1.87
2017.01.27 02:22:18.154,1.42538,1.4255,1.00,1.87
2017.01.27 02:22:18.204,1.42538,1.42553,1.50,1.00
2017.01.27 02:22:18.658,1.42536,1.42554,1.12,1.00
2017.01.27 02:22:19.111,1.42536,1.42556,1.12,1.50
2017.01.27 02:22:19.651,1.42537,1.42556,1.00,2.62
2017.01.27 02:22:21.215,1.42537,1.42554,1.00,1.00
2017.01.27 02:22:25.687,1.42536,1.42554,1.50,1.50
2017.01.27 02:22:25.839,1.42532,1.42553,2.25,1.87
2017.01.27 02:22:25.958,1.42532,1.42553,1.50,1.50
2017.01.27 02:22:27.021,1.42531,1.4255,1.87,1.00
2017.01.27 02:22:27.614,1.42531,1.42549,2.62,1.00
2017.01.27 02:22:31.821,1.42533,1.42549,1.00,1.00
2017.01.27 02:22:37.417,1.42532,1.42549,1.87,1.00
2017.01.27 02:22:43.113,1.42531,1.42549,1.00,1.50
2017.01.27 02:22:49.593,1.42531,1.42547,1.00,1.00
2017.01.27 02:22:49.896,1.42528,1.42547,1.00,1.00
2017.01.27 02:22:49.997,1.42528,1.42547,1.00,1.75
2017.01.27 02:22:50.048,1.42525,1.42545,1.50,2.62
2017.01.27 02:22:50.149,1.42523,1.42542,2.25,1.00
2017.01.27 02:22:50.452,1.42521,1.42538,1.00,1.00
2017.01.27 02:22:51.512,1.42523,1.42538,1.00,1.00
2017.01.27 02:22:52.309,1.42523,1.42539,1.00,1.00
2017.01.27 02:22:52.410,1.4252,1.42539,1.00,1.00
2017.01.27 02:22:53.087,1.4252,1.42539,1.00,1.50
2017.01.27 02:22:58.611,1.42521,1.42539,1.00,1.50
2017.01.27 02:22:59.124,1.42522,1.42539,1.00,1.00
2017.01.27 02:23:04.565,1.4252,1.42539,1.50,1.00
2017.01.27 02:23:12.907,1.42519,1.42539,1.87,1.00
2017.01.27 02:23:13.815,1.4252,1.42539,1.00,1.12
2017.01.27 02:23:13.950,1.42522,1.42539,1.00,1.12
2017.01.27 02:23:14.207,1.42524,1.42543,1.00,1.50
2017.01.27 02:23:15.276,1.42523,1.42542,1.12,1.12
2017.01.27 02:23:16.313,1.42523,1.4254,1.12,1.00
2017.01.27 02:23:21.572,1.42521,1.4254,1.12,1.87
2017.01.27 02:23:22.119,1.42521,1.4254,1.00,2.25
2017.01.27 02:23:22.770,1.4252,1.42539,1.87,1.12
2017.01.27 02:23:22.821,1.42522,1.42539,1.00,1.87
2017.01.27 02:23:23.322,1.42523,1.42539,1.00,1.00
2017.01.27 02:23:23.507,1.42521,1.42539,1.00,1.00
2017.01.27 02:23:26.681,1.42523,1.42539,1.00,1.12
2017.01.27 02:23:27.313,1.42521,1.42539,1.50,1.00
2017.01.27 02:23:43.160,1.42522,1.42539,1.00,1.00
2017.01.27 02:23:43.312,1.42523,1.42541,1.00,1.12
2017.01.27 02:23:43.402,1.42525,1.42541,1.00,1.87
2017.01.27 02:23:44.802,1.42523,1.42541,1.00,1.50
2017.01.27 02:23:51.416,1.42522,1.42541,1.12,1.50
2017.01.27 02:23:52.415,1.4252,1.42541,3.00,2.25
2017.01.27 02:23:55.422,1.4252,1.42537,3.00,1.00
2017.01.27 02:23:55.733,1.4252,1.42535,1.50,1.00
2017.01.27 02:24:11.667,1.4252,1.42535,1.00,1.00
2017.01.27 02:24:15.809,1.42519,1.42535,1.50,1.00
2017.01.27 02:24:22.475,1.4252,1.42535,1.00,1.00
2017.01.27 02:24:24.391,1.42521,1.42535,1.12,1.00
2017.01.27 02:24:24.915,1.42522,1.42535,1.00,1.00
2017.01.27 02:24:25.626,1.42523,1.42535,1.00,1.00
2017.01.27 02:24:26.287,1.42522,1.42535,1.00,1.00
2017.01.27 02:24:37.505,1.42521,1.42535,1.12,1.00
2017.01.27 02:24:40.480,1.42522,1.42535,1.00,1.00
2017.01.27 02:24:41.013,1.42521,1.42535,1.87,1.00
2017.01.27 02:24:49.533,1.42524,1.42535,1.00,1.00
2017.01.27 02:24:50.067,1.42525,1.42535,1.00,1.00
2017.01.27 02:24:51.085,1.42523,1.42535,1.00,1.00
2017.01.27 02:24:55.458,1.42523,1.42538,1.00,1.00
2017.01.27 02:25:05.811,1.42524,1.42538,1.00,1.00
2017.01.27 02:25:06.324,1.42525,1.42537,1.00,1.00
2017.01.27 02:25:07.108,1.42525,1.42538,1.00,1.00
2017.01.27 02:25:16.578,1.42525,1.42537,1.00,1.00
2017.01.27 02:25:24.029,1.42525,1.42538,1.00,1.00
2017.01.27 02:25:25.411,1.42525,1.42537,1.00,1.00
2017.01.27 02:25:25.721,1.42522,1.42538,1.00,1.00
2017.01.27 02:25:27.965,1.42522,1.42537,1.00,1.00
2017.01.27 02:25:28.623,1.42522,1.42538,1.50,1.00
2017.01.27 02:25:32.942,1.42522,1.42537,1.50,1.00
2017.01.27 02:25:33.551,1.42523,1.42538,1.12,1.00
2017.01.27 02:25:36.124,1.42522,1.42537,2.25,1.00
2017.01.27 02:25:37.838,1.42522,1.42538,1.50,1.00
2017.01.27 02:25:38.666,1.42521,1.42537,1.75,1.00
2017.01.27 02:25:38.769,1.42521,1.42537,1.12,1.00
2017.01.27 02:25:44.523,1.42521,1.42538,1.12,1.00
2017.01.27 02:25:52.656,1.4252,1.42538,1.12,1.00
2017.01.27 02:25:53.026,1.42523,1.42537,1.00,1.00
2017.01.27 02:25:53.420,1.42525,1.42537,1.00,1.00
2017.01.27 02:25:54.984,1.42526,1.42538,1.00,1.00
2017.01.27 02:25:55.135,1.42526,1.42542,1.00,1.12
2017.01.27 02:25:55.337,1.42529,1.42542,1.00,1.12
2017.01.27 02:25:55.489,1.42529,1.42548,1.00,1.75
2017.01.27 02:25:55.540,1.42533,1.42548,1.00,1.75
2017.01.27 02:25:55.590,1.42533,1.42548,1.00,1.12
2017.01.27 02:25:56.102,1.42533,1.42549,1.00,1.87
2017.01.27 02:25:56.215,1.42533,1.42547,1.00,1.00
2017.01.27 02:25:56.774,1.42532,1.42547,1.00,1.00
2017.01.27 02:25:57.371,1.42532,1.42546,1.00,1.00
2017.01.27 02:25:57.688,1.42531,1.42548,1.00,1.00
2017.01.27 02:25:57.739,1.42531,1.42546,1.00,1.00
2017.01.27 02:26:08.793,1.42533,1.42546,1.00,1.00
2017.01.27 02:26:09.115,1.42535,1.42545,1.00,1.00
2017.01.27 02:26:11.209,1.42533,1.42545,1.50,1.00
2017.01.27 02:26:11.870,1.42534,1.42545,1.00,1.00
2017.01.27 02:26:11.921,1.42536,1.42552,1.00,1.12
2017.01.27 02:26:12.533,1.42537,1.42552,1.00,1.50
2017.01.27 02:26:13.603,1.42535,1.42552,1.00,1.50
2017.01.27 02:26:13.765,1.42534,1.42547,1.12,1.00
2017.01.27 02:26:14.290,1.42533,1.42546,1.50,1.00
2017.01.27 02:26:14.874,1.42533,1.42547,1.50,1.00
2017.01.27 02:26:17.299,1.42534,1.42547,1.00,1.00
2017.01.27 02:26:20.024,1.42533,1.42547,1.00,1.00
2017.01.27 02:26:20.126,1.42531,1.42547,1.12,1.00
2017.01.27 02:26:21.241,1.42532,1.42547,1.00,1.00
2017.01.27 02:26:24.315,1.42531,1.42547,1.50,1.00
2017.01.27 02:26:26.315,1.42533,1.42547,1.12,1.00
2017.01.27 02:26:26.467,1.42534,1.42551,1.00,1.75
2017.01.27 02:26:26.517,1.42536,1.42551,1.00,1.00
2017.01.27 02:26:27.208,1.42536,1.42552,1.00,1.87
2017.01.27 02:26:28.328,1.42536,1.4255,1.00,1.00
2017.01.27 02:26:28.858,1.42536,1.42551,1.00,1.00
2017.01.27 02:26:37.125,1.42537,1.42551,1.87,1.00
2017.01.27 02:26:37.327,1.42541,1.42557,1.12,2.25
2017.01.27 02:26:37.378,1.42541,1.42549,1.00,1.00
2017.01.27 02:26:37.589,1.42533,1.42547,1.87,2.25
2017.01.27 02:26:38.664,1.42534,1.42546,1.00,1.00
2017.01.27 02:26:39.089,1.42532,1.42546,1.12,1.00
2017.01.27 02:26:39.667,1.42531,1.42545,1.50,1.00
2017.01.27 02:26:40.215,1.42531,1.42545,1.87,1.00
2017.01.27 02:26:40.640,1.42534,1.42545,1.00,1.00
2017.01.27 02:26:41.841,1.42535,1.42545,1.00,1.00
2017.01.27 02:26:42.350,1.42534,1.42545,1.00,1.00
2017.01.27 02:26:42.956,1.42535,1.42545,1.00,1.00
2017.01.27 02:26:47.416,1.42536,1.42552,1.00,1.00
2017.01.27 02:26:47.919,1.42536,1.42551,1.00,1.00
2017.01.27 02:26:48.463,1.42536,1.42552,1.00,1.50
2017.01.27 02:26:48.649,1.42534,1.42552,1.12,1.50
2017.01.27 02:26:48.700,1.42534,1.42548,1.12,1.00
2017.01.27 02:26:49.002,1.42533,1.42546,1.00,1.00
2017.01.27 02:26:49.614,1.42533,1.42545,1.00,1.00
2017.01.27 02:26:50.466,1.42534,1.42545,1.00,1.00
2017.01.27 02:26:50.617,1.42537,1.42551,1.00,1.00
2017.01.27 02:26:51.121,1.42537,1.42552,1.00,1.50
2017.01.27 02:26:51.552,1.42536,1.4255,1.00,1.00
2017.01.27 02:26:52.111,1.42533,1.4255,3.37,1.00
2017.01.27 02:27:11.881,1.42534,1.4255,1.50,1.00
2017.01.27 02:27:12.249,1.42532,1.42547,2.25,1.00
2017.01.27 02:27:12.878,1.42533,1.42547,1.00,1.00
2017.01.27 02:27:12.929,1.42534,1.42551,1.00,1.00
2017.01.27 02:27:12.980,1.42536,1.42551,1.00,1.00
2017.01.27 02:27:18.498,1.42534,1.42551,1.00,1.50
2017.01.27 02:27:19.180,1.42535,1.42551,1.00,1.50
2017.01.27 02:27:20.297,1.42535,1.42547,1.00,1.00
2017.01.27 02:27:20.830,1.42535,1.42548,1.00,1.00
2017.01.27 02:27:21.364,1.42535,1.42547,1.00,1.00
2017.01.27 02:27:22.014,1.42535,1.42546,1.00,1.00
2017.01.27 02:27:24.283,1.42534,1.42546,1.00,1.00
2017.01.27 02:27:24.539,1.42534,1.42551,1.00,1.12
2017.01.27 02:27:27.069,1.42534,1.42547,1.00,1.00
2017.01.27 02:27:28.013,1.42534,1.42546,1.00,1.00
2017.01.27 02:27:34.802,1.42533,1.42546,1.50,1.00
2017.01.27 02:27:37.863,1.42534,1.42546,1.00,1.00
2017.01.27 02:27:38.511,1.42533,1.42551,1.12,1.00
2017.01.27 02:27:39.301,1.42533,1.42547,1.12,1.00
2017.01.27 02:27:39.813,1.42533,1.42545,2.25,1.00
2017.01.27 02:27:43.642,1.42532,1.42545,2.62,1.00
2017.01.27 02:27:47.654,1.42531,1.42545,2.25,1.00
2017.01.27 02:27:51.982,1.42532,1.42545,1.00,1.00
2017.01.27 02:27:52.571,1.42531,1.42545,1.12,1.00
2017.01.27 02:28:13.198,1.42528,1.42545,3.37,1.00
2017.01.27 02:28:14.292,1.4253,1.42545,1.00,1.00
2017.01.27 02:28:16.020,1.42532,1.42545,1.00,1.00
2017.01.27 02:28:16.702,1.42533,1.42545,1.00,1.00
2017.01.27 02:28:17.477,1.42532,1.42545,1.00,1.00
2017.01.27 02:28:17.995,1.42533,1.42545,1.00,1.00
2017.01.27 02:28:22.016,1.42534,1.42545,1.00,1.00
2017.01.27 02:28:25.486,1.42533,1.42545,1.00,1.00
2017.01.27 02:28:31.004,1.42535,1.42545,1.00,1.00
2017.01.27 02:28:40.071,1.42535,1.42547,1.00,1.00
2017.01.27 02:28:41.478,1.42532,1.42547,1.00,1.00
2017.01.27 02:28:42.147,1.42533,1.42548,1.00,1.00
2017.01.27 02:28:43.695,1.42532,1.42547,1.00,1.00
2017.01.27 02:28:44.458,1.42531,1.42547,1.12,1.00
2017.01.27 02:28:49.361,1.42532,1.42547,1.00,1.00
2017.01.27 02:28:49.462,1.42534,1.42547,1.00,1.00
2017.01.27 02:28:50.536,1.42534,1.42548,1.00,1.00
2017.01.27 02:28:54.992,1.42534,1.42547,1.00,1.00
2017.01.27 02:28:55.224,1.42536,1.42552,1.00,1.50
2017.01.27 02:28:55.730,1.42536,1.42551,1.00,1.00
2017.01.27 02:28:56.865,1.42536,1.4255,1.00,1.00
2017.01.27 02:28:57.159,1.42532,1.4255,2.25,1.00
2017.01.27 02:28:58.847,1.42531,1.42548,1.50,1.00
2017.01.27 02:28:59.385,1.42531,1.42547,1.50,1.00
2017.01.27 02:28:59.913,1.42531,1.42546,1.50,1.00
2017.01.27 02:29:04.349,1.42531,1.42546,1.50,1.00
2017.01.27 02:29:05.824,1.42534,1.42546,1.00,1.00
2017.01.27 02:29:06.365,1.42533,1.42546,1.00,1.00
2017.01.27 02:29:06.415,1.42531,1.42546,1.12,1.00
2017.01.27 02:29:07.277,1.42532,1.42546,1.00,1.00
2017.01.27 02:29:07.428,1.42534,1.42546,1.00,1.00
2017.01.27 02:29:07.932,1.42535,1.42546,1.00,1.00
2017.01.27 02:29:08.903,1.42534,1.42546,1.00,1.00
2017.01.27 02:29:09.105,1.42532,1.42546,1.12,1.00
2017.01.27 02:29:09.904,1.42534,1.42546,1.00,1.00
2017.01.27 02:29:13.570,1.42531,1.42546,1.12,1.00
2017.01.27 02:29:14.522,1.42533,1.42546,1.00,1.00
2017.01.27 02:29:14.825,1.42535,1.42546,1.00,1.00
2017.01.27 02:29:15.493,1.42534,1.42546,1.00,1.00
2017.01.27 02:29:15.645,1.42532,1.42546,1.12,1.00
2017.01.27 02:29:17.583,1.42534,1.42546,1.00,1.00
2017.01.27 02:29:18.399,1.42535,1.42546,1.00,1.00
2017.01.27 02:29:18.501,1.42532,1.42546,1.12,1.00
2017.01.27 02:29:19.517,1.42531,1.42546,1.50,1.00
2017.01.27 02:29:21.913,1.42533,1.42546,1.00,1.00
2017.01.27 02:29:22.484,1.42534,1.42546,1.00,1.00
2017.01.27 02:29:25.207,1.42535,1.42546,1.00,1.00
2017.01.27 02:29:25.258,1.42535,1.42551,1.00,1.50
2017.01.27 02:29:25.309,1.42537,1.42551,1.00,1.00
2017.01.27 02:29:26.380,1.42535,1.42551,1.00,1.00
2017.01.27 02:29:26.481,1.42535,1.42554,1.00,1.87
2017.01.27 02:29:26.949,1.42535,1.4255,1.00,1.00
2017.01.27 02:29:29.468,1.42535,1.42548,1.00,1.00
2017.01.27 02:29:30.002,1.42535,1.42549,1.00,1.00
2017.01.27 02:29:35.381,1.42533,1.42548,1.12,1.00
2017.01.27 02:29:36.005,1.42533,1.42547,1.00,1.00
2017.01.27 02:29:36.122,1.42533,1.4255,1.00,1.00
2017.01.27 02:29:36.970,1.42534,1.4255,1.00,1.00
2017.01.27 02:29:37.654,1.42533,1.4255,1.00,1.00
2017.01.27 02:29:40.870,1.42534,1.4255,1.00,1.00
2017.01.27 02:29:42.465,1.42535,1.4255,1.00,1.00
2017.01.27 02:29:43.951,1.42537,1.4255,1.00,1.00
2017.01.27 02:29:44.877,1.42535,1.4255,1.00,1.00
2017.01.27 02:29:45.385,1.42536,1.4255,1.00,1.00
2017.01.27 02:29:45.926,1.42535,1.4255,1.00,1.00
2017.01.27 02:29:48.596,1.42536,1.4255,1.00,1.00
2017.01.27 02:30:00.676,1.42535,1.4255,1.00,1.00
2017.01.27 02:30:22.616,1.42533,1.4255,1.12,1.00
2017.01.27 02:30:22.868,1.42533,1.42548,1.12,1.00
2017.01.27 02:30:23.381,1.42532,1.42547,1.50,1.00
2017.01.27 02:30:23.788,1.42536,1.42546,1.00,1.00
2017.01.27 02:30:24.337,1.42535,1.42546,1.00,1.00
2017.01.27 02:30:24.565,1.42533,1.42546,1.00,1.00
2017.01.27 02:30:26.937,1.42534,1.42546,1.00,1.00
2017.01.27 02:30:27.644,1.42533,1.42546,1.00,1.00
2017.01.27 02:30:27.695,1.42534,1.42551,1.00,1.12
2017.01.27 02:30:28.285,1.42535,1.42552,1.00,1.12
2017.01.27 02:30:28.715,1.42535,1.4255,1.00,1.00
2017.01.27 02:30:29.416,1.42534,1.4255,1.00,1.00
2017.01.27 02:30:30.541,1.42533,1.4255,1.12,1.00
2017.01.27 02:30:31.076,1.42534,1.42549,1.00,1.00
2017.01.27 02:30:34.703,1.42533,1.42549,1.12,1.00
2017.01.27 02:30:35.244,1.42532,1.42547,1.50,1.00
2017.01.27 02:30:35.890,1.42532,1.42546,1.50,1.00
2017.01.27 02:30:37.417,1.42533,1.42551,1.00,1.87
2017.01.27 02:30:37.965,1.42534,1.42551,1.00,1.87
2017.01.27 02:30:38.616,1.42534,1.4255,1.00,1.00
2017.01.27 02:30:39.582,1.42535,1.4255,1.00,1.00
2017.01.27 02:30:41.521,1.42535,1.42547,1.00,1.00
2017.01.27 02:30:41.571,1.42537,1.4255,1.00,1.00
2017.01.27 02:30:41.672,1.4254,1.4255,1.00,1.00
2017.01.27 02:30:41.723,1.42544,1.42558,1.00,1.00
2017.01.27 02:30:41.875,1.42546,1.42563,1.00,1.00
2017.01.27 02:30:42.329,1.42542,1.42563,2.62,1.00
2017.01.27 02:30:42.380,1.42544,1.42556,1.00,1.00
2017.01.27 02:30:42.431,1.42544,1.42563,1.00,1.00
2017.01.27 02:30:42.936,1.42544,1.42563,1.00,2.25
2017.01.27 02:30:43.476,1.42543,1.42563,1.12,2.25
2017.01.27 02:30:43.993,1.42543,1.42561,1.12,1.00
2017.01.27 02:30:49.450,1.42544,1.42561,1.00,1.00
2017.01.27 02:30:49.501,1.42544,1.42559,1.00,1.00
2017.01.27 02:30:50.116,1.42544,1.42558,1.00,1.00
2017.01.27 02:30:50.284,1.42544,1.42562,1.00,1.12
2017.01.27 02:30:50.545,1.42546,1.42562,1.00,1.12
2017.01.27 02:30:51.114,1.42546,1.42561,1.00,1.00
2017.01.27 02:30:52.155,1.42545,1.42561,1.00,1.00
2017.01.27 02:31:06.807,1.42546,1.42561,1.00,1.00
2017.01.27 02:31:07.671,1.42545,1.42561,1.00,1.00
2017.01.27 02:31:07.722,1.42542,1.4256,2.25,1.00
2017.01.27 02:31:07.772,1.42542,1.42558,1.50,1.00
2017.01.27 02:31:07.823,1.42541,1.4256,3.00,1.50
2017.01.27 02:31:08.327,1.42543,1.42557,1.12,1.00
2017.01.27 02:31:08.451,1.42546,1.42562,1.00,1.00
2017.01.27 02:31:08.982,1.42546,1.42561,1.00,1.00
2017.01.27 02:31:09.543,1.42545,1.42561,1.00,1.00
2017.01.27 02:31:11.214,1.42545,1.42557,1.00,1.00
2017.01.27 02:31:11.265,1.42545,1.4256,1.00,1.00
2017.01.27 02:31:11.333,1.42542,1.42557,1.12,1.00
2017.01.27 02:31:11.879,1.42542,1.42558,1.12,1.00
2017.01.27 02:31:12.104,1.42543,1.42561,1.00,1.87
2017.01.27 02:31:12.155,1.42543,1.42557,1.00,1.00
2017.01.27 02:31:12.206,1.42544,1.42561,1.00,1.50
2017.01.27 02:31:12.715,1.42544,1.4256,1.00,1.00
2017.01.27 02:31:17.169,1.42544,1.42557,1.00,1.00
2017.01.27 02:31:17.220,1.42542,1.42557,1.00,1.00
2017.01.27 02:31:18.165,1.42542,1.42556,1.00,1.00
2017.01.27 02:31:18.836,1.42542,1.42555,1.87,1.00
2017.01.27 02:31:20.607,1.42541,1.42558,1.50,1.00
2017.01.27 02:31:21.719,1.42543,1.42561,1.00,1.50
2017.01.27 02:31:22.021,1.42545,1.42561,1.00,1.00
2017.01.27 02:31:23.343,1.42545,1.42562,1.00,2.25
2017.01.27 02:31:24.778,1.42544,1.42562,1.00,1.50
2017.01.27 02:31:25.382,1.42543,1.42562,1.00,2.25
2017.01.27 02:31:30.219,1.42544,1.4256,1.00,1.00
2017.01.27 02:31:30.780,1.42544,1.42559,1.00,1.00
2017.01.27 02:31:31.282,1.42545,1.42558,1.00,1.00
2017.01.27 02:31:31.925,1.42545,1.42557,1.00,1.00
2017.01.27 02:31:35.187,1.42543,1.42557,1.50,1.00
2017.01.27 02:31:35.238,1.42543,1.42562,1.50,1.50
2017.01.27 02:31:35.764,1.42544,1.42562,1.00,1.50
2017.01.27 02:31:36.317,1.42544,1.42561,1.00,1.00
2017.01.27 02:31:37.115,1.42544,1.4256,1.00,1.00
2017.01.27 02:31:39.359,1.42545,1.4256,1.00,1.00
2017.01.27 02:31:40.031,1.42546,1.4256,1.00,1.00
2017.01.27 02:31:40.565,1.42551,1.4256,1.00,1.00
2017.01.27 02:31:40.716,1.42557,1.42573,1.12,1.50
2017.01.27 02:31:41.321,1.42556,1.42573,1.12,1.00
2017.01.27 02:31:41.870,1.42556,1.42574,1.87,1.00
2017.01.27 02:31:42.406,1.42556,1.42573,1.00,1.00
2017.01.27 02:31:42.925,1.42556,1.42572,1.00,1.00
2017.01.27 02:31:43.514,1.42556,1.42571,1.00,1.00
2017.01.27 02:31:44.628,1.42554,1.42571,1.00,1.00
2017.01.27 02:31:45.223,1.42555,1.42571,1.00,1.00
2017.01.27 02:31:45.324,1.42559,1.42574,1.00,1.12
2017.01.27 02:31:45.476,1.42561,1.42578,1.00,1.50
2017.01.27 02:31:45.527,1.42562,1.4258,1.00,2.25
2017.01.27 02:31:45.729,1.4256,1.4258,1.00,2.62
2017.01.27 02:31:46.257,1.4256,1.4258,1.50,2.25
2017.01.27 02:31:46.308,1.42563,1.42582,1.00,1.50
2017.01.27 02:31:46.415,1.42564,1.42585,1.50,1.75
2017.01.27 02:31:46.516,1.42564,1.42585,1.75,1.87
2017.01.27 02:31:46.618,1.42563,1.42582,1.12,1.00
2017.01.27 02:31:47.615,1.42562,1.42582,1.12,1.00
2017.01.27 02:31:47.717,1.42562,1.42577,1.12,1.00
2017.01.27 02:31:49.910,1.42564,1.42577,1.00,1.00
2017.01.27 02:31:49.961,1.42564,1.42582,1.00,1.50
2017.01.27 02:31:50.488,1.42565,1.42582,1.00,1.00
2017.01.27 02:31:51.201,1.42565,1.42583,1.00,1.00
2017.01.27 02:31:51.767,1.42565,1.42581,1.00,1.00
2017.01.27 02:31:52.113,1.42563,1.42581,1.87,1.00
2017.01.27 02:31:55.405,1.42564,1.42581,1.00,1.00
2017.01.27 02:31:57.561,1.42563,1.42579,1.50,1.00
2017.01.27 02:31:57.763,1.4256,1.42577,2.25,1.00
2017.01.27 02:31:57.813,1.42563,1.42579,1.50,1.00
2017.01.27 02:31:57.864,1.42563,1.42582,1.50,1.50
2017.01.27 02:31:58.187,1.42562,1.4258,1.50,1.00
2017.01.27 02:31:58.740,1.42562,1.4258,1.00,1.00
2017.01.27 02:31:59.215,1.42562,1.42577,1.00,1.00
2017.01.27 02:32:00.834,1.4256,1.42577,1.12,1.00
2017.01.27 02:32:01.432,1.42559,1.42577,1.87,1.00
2017.01.27 02:32:07.626,1.4256,1.42577,1.12,1.00
2017.01.27 02:32:07.727,1.42562,1.42577,1.00,1.00
2017.01.27 02:32:08.316,1.42564,1.42577,1.00,1.00
2017.01.27 02:32:08.967,1.42565,1.42577,1.00,1.00
2017.01.27 02:32:12.065,1.42565,1.42582,1.00,1.00
2017.01.27 02:32:13.298,1.42565,1.42578,1.00,1.00
2017.01.27 02:32:13.349,1.42562,1.42578,1.12,1.00
2017.01.27 02:32:13.891,1.42561,1.42578,1.50,1.00
2017.01.27 02:32:14.528,1.42561,1.42576,1.50,1.00
2017.01.27 02:32:15.970,1.42562,1.42576,1.00,1.00
2017.01.27 02:32:16.884,1.42563,1.42576,1.00,1.00
2017.01.27 02:32:17.600,1.42564,1.42576,1.00,1.00
2017.01.27 02:32:18.725,1.42566,1.42583,1.00,1.12
2017.01.27 02:32:19.272,1.42566,1.42582,1.00,1.00
2017.01.27 02:32:19.761,1.42564,1.42582,1.12,1.00
2017.01.27 02:32:20.437,1.42564,1.4258,1.87,1.00
2017.01.27 02:32:20.942,1.42564,1.42579,1.00,1.00
2017.01.27 02:32:21.002,1.42566,1.42582,1.00,1.12
2017.01.27 02:32:21.205,1.42569,1.42586,1.00,2.25
2017.01.27 02:32:21.256,1.42569,1.42586,1.00,1.87
2017.01.27 02:32:21.625,1.42569,1.42583,1.50,1.00
2017.01.27 02:32:22.338,1.42567,1.42583,1.87,1.00
2017.01.27 02:32:23.436,1.42566,1.42583,1.50,1.00
2017.01.27 02:32:24.981,1.42567,1.42583,1.00,1.00
2017.01.27 02:32:27.155,1.42566,1.42583,1.00,1.00
2017.01.27 02:32:27.678,1.42567,1.42583,1.00,1.00
2017.01.27 02:32:31.679,1.42568,1.42583,1.00,1.00
2017.01.27 02:32:31.936,1.42565,1.42583,1.00,1.87
2017.01.27 02:32:31.987,1.42562,1.4258,1.12,1.00
2017.01.27 02:32:32.494,1.42561,1.42579,1.50,1.12
2017.01.27 02:32:33.479,1.42561,1.42577,1.00,1.00
2017.01.27 02:32:34.016,1.42561,1.42576,1.00,1.00
2017.01.27 02:32:34.649,1.42562,1.42576,1.00,1.00
2017.01.27 02:32:35.285,1.42561,1.42576,1.50,1.00
2017.01.27 02:32:35.861,1.42562,1.42576,1.00,1.00
2017.01.27 02:32:41.415,1.42563,1.42576,1.00,1.00
2017.01.27 02:32:41.717,1.42565,1.42576,1.00,1.00
2017.01.27 02:32:42.161,1.42563,1.42576,1.00,1.00
2017.01.27 02:32:47.515,1.42562,1.42576,1.87,1.00
2017.01.27 02:32:52.065,1.42564,1.42576,1.00,1.00
2017.01.27 02:32:52.588,1.42565,1.42576,1.00,1.00
2017.01.27 02:32:53.233,1.42564,1.42576,1.00,1.00
2017.01.27 02:32:54.620,1.42561,1.42576,1.87,1.00
2017.01.27 02:32:57.923,1.42559,1.42576,1.50,1.00
2017.01.27 02:32:58.075,1.42557,1.42572,1.75,1.00
2017.01.27 02:32:58.125,1.42554,1.42572,1.87,1.00
2017.01.27 02:32:58.428,1.42554,1.4257,1.00,1.00
2017.01.27 02:32:58.957,1.42554,1.42569,1.00,1.00
2017.01.27 02:32:59.008,1.42552,1.42569,1.00,1.00
2017.01.27 02:32:59.284,1.4255,1.42569,2.62,1.00
2017.01.27 02:32:59.816,1.42551,1.42568,1.00,1.00
2017.01.27 02:33:00.365,1.42551,1.42567,1.00,1.00
2017.01.27 02:33:01.134,1.42551,1.42566,1.00,1.00
2017.01.27 02:33:02.129,1.4255,1.42566,1.87,1.00
2017.01.27 02:33:02.510,1.42548,1.42565,1.00,1.50
2017.01.27 02:33:02.763,1.42546,1.42565,1.00,1.50
2017.01.27 02:33:02.864,1.42546,1.42563,1.00,1.00
2017.01.27 02:33:04.460,1.42549,1.42561,1.00,1.00
2017.01.27 02:33:04.671,1.42555,1.42569,1.00,1.50
2017.01.27 02:33:04.722,1.42555,1.42573,1.00,2.25
2017.01.27 02:33:04.823,1.42559,1.42573,1.00,1.00
2017.01.27 02:33:05.025,1.42559,1.42577,1.00,2.25
2017.01.27 02:33:05.076,1.42558,1.42577,1.87,1.87
2017.01.27 02:33:05.914,1.42558,1.42577,1.75,1.00
2017.01.27 02:33:07.220,1.4256,1.42579,1.87,1.12
2017.01.27 02:33:07.815,1.4256,1.42578,1.12,1.00
2017.01.27 02:33:10.385,1.4256,1.42576,1.12,1.00
2017.01.27 02:33:12.422,1.42561,1.42576,1.00,1.00
2017.01.27 02:33:12.927,1.4256,1.42576,1.87,1.00
2017.01.27 02:33:13.810,1.42558,1.42573,1.75,1.00
2017.01.27 02:33:13.861,1.42558,1.42573,1.12,1.00
2017.01.27 02:33:13.962,1.42556,1.42573,1.00,1.00
2017.01.27 02:33:14.164,1.42552,1.42571,3.00,1.00
2017.01.27 02:33:14.707,1.42552,1.42571,1.87,1.00
2017.01.27 02:33:16.013,1.42554,1.42571,1.00,1.50
2017.01.27 02:33:16.748,1.42555,1.42571,1.00,1.50
2017.01.27 02:33:20.615,1.42552,1.42571,1.12,1.50
2017.01.27 02:33:20.716,1.42551,1.42567,1.50,1.00
2017.01.27 02:33:20.767,1.42548,1.42567,1.12,1.87
2017.01.27 02:33:21.069,1.42547,1.42565,1.12,1.00
2017.01.27 02:33:21.712,1.42547,1.42564,1.12,1.00
2017.01.27 02:33:22.915,1.42547,1.42563,1.12,1.00
2017.01.27 02:33:23.412,1.42545,1.42561,1.00,1.00
2017.01.27 02:33:23.513,1.42543,1.42561,1.00,1.12
2017.01.27 02:33:24.230,1.42545,1.42561,1.00,1.12
2017.01.27 02:33:28.218,1.42544,1.42561,1.00,1.12
2017.01.27 02:33:28.994,1.42545,1.42561,1.00,1.12
2017.01.27 02:33:33.257,1.42543,1.42561,1.00,1.00
2017.01.27 02:33:33.715,1.42543,1.42559,1.00,1.00
2017.01.27 02:33:34.346,1.42543,1.42558,1.00,1.00
2017.01.27 02:33:35.018,1.42543,1.42557,1.00,1.00
2017.01.27 02:33:35.541,1.42544,1.42557,1.00,1.00
2017.01.27 02:33:37.342,1.42543,1.42557,1.00,1.00
2017.01.27 02:33:38.176,1.42544,1.42557,1.00,1.00
2017.01.27 02:33:40.313,1.42542,1.42557,1.87,1.00
2017.01.27 02:34:01.354,1.42545,1.42557,1.00,1.00
2017.01.27 02:34:01.857,1.42544,1.42557,1.00,1.00
2017.01.27 02:34:04.945,1.42546,1.42557,1.00,1.00
2017.01.27 02:34:04.996,1.42548,1.42563,1.00,1.50
2017.01.27 02:34:05.526,1.42549,1.42563,1.00,1.00
2017.01.27 02:34:06.423,1.42549,1.42565,1.00,1.00
2017.01.27 02:34:07.417,1.42548,1.42566,2.25,1.50
2017.01.27 02:34:08.115,1.42548,1.42565,2.25,1.00
2017.01.27 02:34:08.702,1.4255,1.42566,1.00,1.00
2017.01.27 02:34:09.492,1.42549,1.42566,1.12,1.00
2017.01.27 02:34:12.102,1.42551,1.42567,1.00,1.00
2017.01.27 02:34:12.254,1.4255,1.42569,1.50,1.00
2017.01.27 02:34:12.305,1.42554,1.42568,1.00,1.00
2017.01.27 02:34:12.608,1.42556,1.42568,1.00,1.00
2017.01.27 02:34:12.942,1.42554,1.42568,1.00,1.00
2017.01.27 02:34:14.123,1.42554,1.42572,1.00,1.12
2017.01.27 02:34:14.224,1.4255,1.42568,1.50,1.00
2017.01.27 02:34:14.836,1.42549,1.42568,1.50,1.00
2017.01.27 02:34:17.554,1.4255,1.42568,1.00,1.00
2017.01.27 02:34:20.677,1.42551,1.42568,1.00,1.00
2017.01.27 02:34:25.795,1.42552,1.42568,1.00,1.50
2017.01.27 02:34:31.113,1.42551,1.42568,1.00,1.50
2017.01.27 02:34:32.323,1.42553,1.42571,1.00,1.00
2017.01.27 02:34:32.424,1.42556,1.42572,1.00,1.12
2017.01.27 02:34:32.626,1.42557,1.42576,1.00,1.00
2017.01.27 02:34:32.727,1.42559,1.42576,1.00,1.00
2017.01.27 02:34:33.318,1.42558,1.42576,1.00,1.50
2017.01.27 02:34:33.865,1.42558,1.42578,1.00,1.50
2017.01.27 02:34:34.167,1.42556,1.42575,1.12,1.00
2017.01.27 02:34:38.706,1.42555,1.42574,2.25,1.00
2017.01.27 02:34:39.516,1.42558,1.42574,1.00,1.00
2017.01.27 02:34:39.661,1.42558,1.42577,1.87,1.00
2017.01.27 02:34:40.263,1.42559,1.42577,1.00,1.00
2017.01.27 02:34:41.046,1.42561,1.42577,1.00,1.00
2017.01.27 02:34:41.715,1.42559,1.42577,1.50,1.00
2017.01.27 02:34:49.530,1.42559,1.42577,1.00,1.00
2017.01.27 02:34:51.487,1.4256,1.42577,1.00,1.00
2017.01.27 02:34:52.308,1.4256,1.42577,1.50,1.00
2017.01.27 02:34:52.509,1.42559,1.42577,1.12,1.00
2017.01.27 02:34:53.773,1.42559,1.42579,1.12,1.12
2017.01.27 02:34:54.310,1.42559,1.42579,1.12,1.50
2017.01.27 02:35:02.733,1.4256,1.42579,1.00,1.50
2017.01.27 02:35:03.326,1.42558,1.42579,2.25,1.50
2017.01.27 02:35:06.140,1.4256,1.42579,1.00,1.50
2017.01.27 02:35:07.497,1.42562,1.42579,1.00,1.50
2017.01.27 02:35:08.204,1.42563,1.42579,1.00,1.00
2017.01.27 02:35:08.769,1.42563,1.4258,1.00,1.50
2017.01.27 02:35:13.383,1.42564,1.4258,1.00,1.50
2017.01.27 02:35:13.910,1.42566,1.42579,1.00,1.00
2017.01.27 02:35:14.063,1.42566,1.42582,1.00,1.12
2017.01.27 02:35:14.568,1.42567,1.42582,1.00,1.12
2017.01.27 02:35:14.999,1.4257,1.42585,1.00,1.75
2017.01.27 02:35:15.050,1.42566,1.42583,1.00,1.50
2017.01.27 02:35:15.201,1.42567,1.42585,1.00,1.50
2017.01.27 02:35:15.252,1.42565,1.42583,1.00,1.00
2017.01.27 02:35:15.303,1.42564,1.42583,2.25,1.00
2017.01.27 02:35:15.404,1.42564,1.42583,1.50,1.00
2017.01.27 02:35:15.817,1.42564,1.42581,1.50,1.00
2017.01.27 02:35:23.983,1.42565,1.42581,1.00,1.00
2017.01.27 02:35:24.506,1.42565,1.42582,1.12,1.00
2017.01.27 02:35:25.042,1.42566,1.42582,1.00,1.00
2017.01.27 02:35:26.105,1.42564,1.42582,2.25,1.00
2017.01.27 02:35:26.408,1.4256,1.42579,1.12,1.00
2017.01.27 02:35:26.610,1.4256,1.42579,1.00,2.62
2017.01.27 02:35:27.882,1.42558,1.42577,1.87,1.12
2017.01.27 02:35:28.125,1.42562,1.42577,1.00,1.12
2017.01.27 02:35:28.646,1.42562,1.42579,1.00,1.50
2017.01.27 02:35:29.066,1.42564,1.42579,1.00,1.50
2017.01.27 02:35:29.217,1.42562,1.42579,1.50,1.00
2017.01.27 02:35:33.878,1.42561,1.42579,1.00,1.00
2017.01.27 02:35:37.787,1.42562,1.42579,1.00,1.00
2017.01.27 02:35:37.838,1.4256,1.42579,1.50,1.00
2017.01.27 02:35:38.377,1.4256,1.42579,1.00,2.25
2017.01.27 02:35:38.613,1.42562,1.42579,1.00,1.87
2017.01.27 02:35:39.117,1.42563,1.42579,1.00,1.00
2017.01.27 02:35:40.944,1.42564,1.42579,1.00,1.00
2017.01.27 02:35:41.553,1.42562,1.42579,1.00,1.00
2017.01.27 02:35:42.302,1.42561,1.42579,1.50,1.00
2017.01.27 02:35:48.558,1.42562,1.42579,1.00,1.00
2017.01.27 02:35:49.278,1.42563,1.42579,1.00,1.00
2017.01.27 02:35:53.371,1.42564,1.42579,1.00,1.00
2017.01.27 02:35:53.863,1.42564,1.42581,1.00,1.50
2017.01.27 02:35:57.190,1.42565,1.42581,1.00,1.50
2017.01.27 02:35:58.420,1.42564,1.42581,1.12,1.00
2017.01.27 02:35:59.227,1.42565,1.42581,1.00,1.00
2017.01.27 02:36:08.889,1.42565,1.42584,1.00,2.25
2017.01.27 02:36:10.534,1.42564,1.42584,1.12,1.50
2017.01.27 02:36:11.162,1.42564,1.42582,1.12,1.00
2017.01.27 02:36:12.018,1.42564,1.42581,1.12,1.00
2017.01.27 02:36:12.568,1.42563,1.42581,1.50,1.00
2017.01.27 02:36:12.619,1.42561,1.42581,1.12,1.50
2017.01.27 02:36:14.939,1.42561,1.42581,1.00,1.87
2017.01.27 02:36:23.918,1.4256,1.4258,1.87,1.50
2017.01.27 02:36:28.172,1.4256,1.42577,1.00,1.00
2017.01.27 02:36:33.628,1.42558,1.42577,1.00,1.50
2017.01.27 02:36:34.201,1.42559,1.42577,1.00,1.50
2017.01.27 02:36:35.316,1.42559,1.42575,1.00,1.00
2017.01.27 02:36:36.146,1.42558,1.42575,1.00,1.00
2017.01.27 02:36:40.113,1.42558,1.42575,1.50,1.00
2017.01.27 02:36:40.265,1.42561,1.42575,1.00,1.00
2017.01.27 02:36:43.876,1.4256,1.42575,1.12,1.00
2017.01.27 02:36:47.458,1.42561,1.42575,1.50,1.00
2017.01.27 02:36:47.509,1.42562,1.42579,1.00,1.00
2017.01.27 02:36:47.661,1.42564,1.42579,1.00,1.00
2017.01.27 02:36:47.712,1.42563,1.42582,1.12,1.12
2017.01.27 02:36:47.813,1.42565,1.42582,1.00,1.00
2017.01.27 02:36:48.334,1.42564,1.42582,1.12,1.50
2017.01.27 02:36:48.665,1.42558,1.42577,1.75,1.50
2017.01.27 02:36:49.166,1.42558,1.42577,1.50,1.50
2017.01.27 02:36:49.718,1.42558,1.42575,1.12,1.00
2017.01.27 02:36:51.475,1.42559,1.42575,1.00,1.00
2017.01.27 02:36:51.626,1.42561,1.4258,1.87,1.87
2017.01.27 02:36:52.422,1.42562,1.4258,1.00,1.00
2017.01.27 02:36:53.029,1.42563,1.4258,1.00,1.00
2017.01.27 02:36:56.120,1.42562,1.4258,1.12,1.00
2017.01.27 02:36:56.221,1.42559,1.42578,1.75,1.00
2017.01.27 02:36:56.322,1.42559,1.42578,1.00,1.00
2017.01.27 02:36:58.419,1.42559,1.42576,1.00,1.00
2017.01.27 02:37:02.195,1.4256,1.42576,1.00,1.00
2017.01.27 02:37:02.498,1.42561,1.42578,1.00,1.00
2017.01.27 02:37:02.599,1.42559,1.42577,1.50,1.00
2017.01.27 02:37:11.088,1.42558,1.42576,1.12,1.00
2017.01.27 02:37:11.239,1.42554,1.42573,3.00,1.00
2017.01.27 02:37:11.391,1.42552,1.42569,2.62,1.80
2017.01.27 02:37:11.595,1.42552,1.42564,1.00,1.00
2017.01.27 02:37:11.646,1.42553,1.4257,1.00,1.12
2017.01.27 02:37:11.848,1.42555,1.42571,1.00,1.00
2017.01.27 02:37:12.151,1.42559,1.42576,1.87,1.50
2017.01.27 02:37:12.353,1.4256,1.42578,1.00,1.00
2017.01.27 02:37:12.921,1.42559,1.42578,1.12,1.00
2017.01.27 02:37:16.728,1.4256,1.42578,1.00,1.00
2017.01.27 02:37:17.737,1.42559,1.42578,2.62,1.00
2017.01.27 02:37:18.264,1.4256,1.42578,1.00,1.00
2017.01.27 02:37:22.477,1.42559,1.42578,1.12,1.00
2017.01.27 02:37:22.578,1.42559,1.42578,2.25,1.00
2017.01.27 02:37:24.038,1.4256,1.42579,2.25,1.00
2017.01.27 02:37:28.375,1.4256,1.4258,1.50,1.12
2017.01.27 02:37:28.719,1.42566,1.42581,1.00,1.00
2017.01.27 02:37:28.871,1.42566,1.42584,1.00,1.12
2017.01.27 02:37:30.786,1.42566,1.4258,1.00,1.00
2017.01.27 02:37:30.937,1.42563,1.42579,1.00,1.00
2017.01.27 02:37:31.038,1.4256,1.42577,1.50,1.00
2017.01.27 02:37:31.341,1.4256,1.42575,1.00,1.00
2017.01.27 02:37:34.284,1.4256,1.42579,1.12,1.87
2017.01.27 02:37:34.988,1.4256,1.42578,1.12,1.00
2017.01.27 02:37:39.084,1.4256,1.42579,1.12,2.62
2017.01.27 02:37:41.395,1.4256,1.42579,3.37,1.00
2017.01.27 02:37:41.647,1.42562,1.42579,1.50,1.00
2017.01.27 02:37:41.849,1.42567,1.42584,1.00,1.00
2017.01.27 02:37:41.950,1.42568,1.42587,1.00,1.50
2017.01.27 02:37:42.001,1.4257,1.42587,1.00,1.50
2017.01.27 02:37:42.517,1.4257,1.42588,1.00,1.00
2017.01.27 02:37:45.016,1.42571,1.42592,1.50,1.00
2017.01.27 02:37:47.186,1.42571,1.42591,1.50,1.00
2017.01.27 02:37:48.616,1.42572,1.42591,1.00,1.00
2017.01.27 02:37:49.713,1.42571,1.4259,1.00,1.00
2017.01.27 02:37:50.820,1.42571,1.42591,1.00,1.00
2017.01.27 02:37:51.567,1.42572,1.42591,1.00,1.00
2017.01.27 02:37:52.078,1.42571,1.42591,1.50,1.50
2017.01.27 02:37:52.629,1.42572,1.42591,1.00,1.50
2017.01.27 02:37:53.145,1.42571,1.42591,1.50,1.50
2017.01.27 02:38:05.994,1.4257,1.4259,1.00,1.87
2017.01.27 02:38:06.196,1.42567,1.42586,1.50,1.00
2017.01.27 02:38:06.498,1.42567,1.42584,1.12,1.00
2017.01.27 02:38:08.415,1.42567,1.42585,1.87,1.00
2017.01.27 02:38:09.404,1.42562,1.42583,2.25,1.50
2017.01.27 02:38:09.455,1.42562,1.42583,1.00,3.37
2017.01.27 02:38:09.506,1.42562,1.42578,1.00,1.00
2017.01.27 02:38:09.657,1.4256,1.42578,1.00,1.50
2017.01.27 02:38:13.817,1.42562,1.42578,1.00,1.12
2017.01.27 02:38:16.136,1.42561,1.42578,1.00,1.12
2017.01.27 02:38:16.237,1.42559,1.42578,2.25,1.12
2017.01.27 02:38:16.826,1.42559,1.42578,1.87,1.50
2017.01.27 02:38:20.043,1.4256,1.4258,1.00,2.25
2017.01.27 02:38:20.351,1.4256,1.4258,1.87,1.50
2017.01.27 02:38:20.446,1.42562,1.4258,1.00,1.50
2017.01.27 02:38:20.981,1.42563,1.4258,1.00,1.00
2017.01.27 02:38:22.680,1.42562,1.4258,1.00,1.00
2017.01.27 02:38:25.927,1.42561,1.4258,1.50,1.00
2017.01.27 02:38:30.656,1.42561,1.42579,1.00,1.00
2017.01.27 02:38:31.246,1.42561,1.42578,1.00,1.12
2017.01.27 02:38:39.220,1.4256,1.42578,1.00,1.87
2017.01.27 02:38:55.017,1.42561,1.42579,1.00,1.50
2017.01.27 02:38:55.768,1.4256,1.42579,1.00,1.50
2017.01.27 02:38:58.224,1.42561,1.42579,1.00,1.50
2017.01.27 02:39:00.914,1.42562,1.42579,1.00,1.00
2017.01.27 02:39:01.219,1.4257,1.42585,1.00,2.25
2017.01.27 02:39:01.270,1.4257,1.42585,1.00,3.00
2017.01.27 02:39:01.371,1.42567,1.42585,1.00,1.87
2017.01.27 02:39:01.917,1.42566,1.42585,1.12,1.87
2017.01.27 02:39:02.318,1.42568,1.42585,1.00,1.50
2017.01.27 02:39:02.369,1.42568,1.42587,1.00,1.87
2017.01.27 02:39:02.520,1.4257,1.42587,1.00,1.50
2017.01.27 02:39:06.031,1.42571,1.42587,1.00,1.50
2017.01.27 02:39:06.670,1.42572,1.42588,1.00,1.00
2017.01.27 02:39:07.120,1.42574,1.42588,1.00,1.00
2017.01.27 02:39:07.222,1.42575,1.4259,1.00,1.00
2017.01.27 02:39:07.749,1.42574,1.4259,1.00,1.00
2017.01.27 02:39:09.249,1.42574,1.42592,1.00,1.12
2017.01.27 02:39:17.437,1.42573,1.42592,1.00,1.00
2017.01.27 02:39:17.538,1.42571,1.42592,1.50,2.25
2017.01.27 02:39:18.246,1.42571,1.42592,1.50,2.25
2017.01.27 02:39:18.698,1.42574,1.42592,1.00,1.75
2017.01.27 02:39:18.950,1.42575,1.42592,1.00,1.12
2017.01.27 02:39:19.568,1.42576,1.42592,1.00,1.12
2017.01.27 02:39:20.386,1.42574,1.42592,1.00,1.12
2017.01.27 02:39:25.981,1.42575,1.42593,1.00,1.50
2017.01.27 02:39:27.245,1.42575,1.42593,1.00,1.00
2017.01.27 02:39:33.796,1.42576,1.42593,1.00,1.00
2017.01.27 02:39:39.308,1.42576,1.42594,1.00,1.12
2017.01.27 02:39:46.403,1.42578,1.42594,1.00,1.12
2017.01.27 02:39:54.338,1.42578,1.42593,1.00,1.00
2017.01.27 02:40:14.117,1.42576,1.42593,1.00,1.00
2017.01.27 02:40:15.134,1.42578,1.42593,1.00,1.00
2017.01.27 02:40:39.426,1.42578,1.42594,1.00,1.12
2017.01.27 02:40:45.795,1.42576,1.42594,1.00,1.12
2017.01.27 02:40:54.456,1.42576,1.42593,1.00,1.00
2017.01.27 02:41:01.313,1.42575,1.42593,1.87,1.00
2017.01.27 02:41:01.415,1.42572,1.42591,1.87,1.00
2017.01.27 02:41:01.465,1.4257,1.42591,4.12,2.25
2017.01.27 02:41:02.025,1.4257,1.42591,1.50,2.25
2017.01.27 02:41:02.593,1.4257,1.42591,1.50,2.25
2017.01.27 02:41:37.634,1.42571,1.42589,1.00,1.50
2017.01.27 02:41:37.936,1.42573,1.42589,1.00,1.00
2017.01.27 02:41:38.331,1.42574,1.42592,1.12,1.00
2017.01.27 02:41:38.470,1.42576,1.42594,1.00,1.50
2017.01.27 02:41:38.773,1.42578,1.42594,1.00,1.00
2017.01.27 02:41:40.374,1.42579,1.42594,1.00,1.00
2017.01.27 02:41:40.727,1.42581,1.42597,1.00,1.00
2017.01.27 02:41:40.930,1.42578,1.42597,1.50,2.62
2017.01.27 02:41:43.760,1.42578,1.42596,1.00,1.00
2017.01.27 02:41:54.960,1.4258,1.42596,1.00,1.12
2017.01.27 02:42:23.490,1.42578,1.42596,1.12,1.00
2017.01.27 02:42:24.160,1.42578,1.42596,1.00,1.50
2017.01.27 02:42:29.326,1.42577,1.42596,1.87,2.25
2017.01.27 02:42:30.099,1.42577,1.42594,1.87,1.00
2017.01.27 02:42:35.155,1.42576,1.42594,1.87,1.00
2017.01.27 02:42:37.762,1.42577,1.42594,1.12,1.12
2017.01.27 02:42:44.242,1.42577,1.42594,1.12,3.00
2017.01.27 02:42:44.352,1.42574,1.42594,1.00,3.00
2017.01.27 02:42:45.058,1.42573,1.42593,3.37,1.87
2017.01.27 02:42:47.761,1.42574,1.42594,1.12,3.00
2017.01.27 02:42:47.963,1.42576,1.42594,1.12,1.50
2017.01.27 02:42:48.838,1.42575,1.42594,1.12,3.00
2017.01.27 02:42:54.696,1.42575,1.42592,1.12,1.00
2017.01.27 02:42:56.714,1.42576,1.42592,1.12,1.00
2017.01.27 02:42:59.913,1.42575,1.42592,1.12,1.00
2017.01.27 02:43:00.416,1.42576,1.42592,1.12,1.00
2017.01.27 02:43:03.310,1.42575,1.42592,1.12,1.00
2017.01.27 02:43:03.825,1.42576,1.42593,1.12,1.50
2017.01.27 02:43:05.637,1.42576,1.42593,1.87,1.00
2017.01.27 02:43:05.940,1.42579,1.42594,1.00,1.00
2017.01.27 02:43:09.760,1.42579,1.42595,1.00,1.12
2017.01.27 02:43:13.810,1.42577,1.42595,1.00,1.12
2017.01.27 02:43:13.911,1.42576,1.42594,1.00,1.50
2017.01.27 02:43:14.538,1.42575,1.42594,1.00,1.50
2017.01.27 02:43:37.229,1.42574,1.42594,1.50,1.50
2017.01.27 02:43:37.831,1.42574,1.42594,1.12,1.75
2017.01.27 02:43:38.735,1.42573,1.42594,3.00,1.75
2017.01.27 02:43:44.982,1.42575,1.42594,1.00,1.75
2017.01.27 02:43:45.296,1.4258,1.42594,1.00,1.12
2017.01.27 02:43:45.805,1.42579,1.42596,1.00,1.87
2017.01.27 02:43:47.141,1.42579,1.42596,1.00,1.50
2017.01.27 02:43:48.005,1.42578,1.42596,1.00,1.50
2017.01.27 02:44:02.789,1.42578,1.42597,1.00,3.37
2017.01.27 02:44:03.337,1.42577,1.42596,1.12,1.00
2017.01.27 02:44:08.621,1.42578,1.42596,1.00,1.00
2017.01.27 02:44:17.840,1.42578,1.42597,1.00,3.37
2017.01.27 02:44:25.358,1.42578,1.42597,1.87,1.50
2017.01.27 02:44:25.660,1.42584,1.426,1.00,1.12
2017.01.27 02:44:26.165,1.42585,1.426,1.00,1.00
2017.01.27 02:44:26.735,1.42582,1.426,1.37,1.00
2017.01.27 02:44:27.240,1.42581,1.426,2.25,1.00
2017.01.27 02:44:27.781,1.42582,1.426,1.37,1.00
2017.01.27 02:44:28.718,1.42581,1.426,2.25,1.00
2017.01.27 02:44:29.220,1.42581,1.426,2.25,1.00
2017.01.27 02:44:31.566,1.42581,1.426,1.87,1.00
2017.01.27 02:44:32.194,1.42581,1.426,1.00,1.00
2017.01.27 02:44:33.566,1.42582,1.426,1.12,1.00
2017.01.27 02:44:34.105,1.42582,1.426,1.37,1.00
2017.01.27 02:44:38.880,1.42585,1.426,1.00,1.00
2017.01.27 02:44:39.483,1.42583,1.426,1.12,1.00
2017.01.27 02:44:40.061,1.42583,1.42601,1.87,1.00
2017.01.27 02:44:47.479,1.42584,1.42601,1.00,1.50
2017.01.27 02:44:48.020,1.42582,1.426,1.50,1.00
2017.01.27 02:44:50.525,1.42582,1.426,1.12,1.50
2017.01.27 02:44:51.631,1.4258,1.426,2.25,1.50
2017.01.27 02:44:52.132,1.4258,1.426,2.25,1.50
2017.01.27 02:44:56.276,1.42581,1.42599,1.12,1.12
2017.01.27 02:45:04.835,1.4258,1.42599,1.12,1.00
2017.01.27 02:45:04.885,1.42582,1.42599,1.00,1.00
2017.01.27 02:45:05.665,1.42582,1.426,1.00,1.00
2017.01.27 02:45:14.662,1.42581,1.426,2.25,1.00
2017.01.27 02:45:17.999,1.42579,1.42599,1.87,1.00
2017.01.27 02:45:18.302,1.42573,1.42589,1.00,1.50
2017.01.27 02:45:18.454,1.42568,1.42587,1.00,1.12
2017.01.27 02:45:19.065,1.42567,1.42587,1.00,1.75
2017.01.27 02:45:23.902,1.42569,1.42586,1.00,1.50
2017.01.27 02:45:32.865,1.4257,1.42587,1.00,1.75
2017.01.27 02:45:39.441,1.4257,1.42588,3.37,1.00
2017.01.27 02:45:40.345,1.42572,1.4259,1.50,1.50
2017.01.27 02:45:50.790,1.42575,1.4259,1.00,1.00
2017.01.27 02:45:50.891,1.42575,1.42594,1.12,1.50
2017.01.27 02:45:50.999,1.42574,1.42593,1.75,1.00
2017.01.27 02:45:51.050,1.42574,1.42593,2.25,1.00
2017.01.27 02:45:51.588,1.42573,1.42592,1.87,1.50
2017.01.27 02:45:51.891,1.42571,1.42588,1.75,1.00
2017.01.27 02:45:51.942,1.42568,1.42587,3.75,1.00
2017.01.27 02:45:52.043,1.42566,1.42587,2.25,1.50
2017.01.27 02:45:52.547,1.42567,1.42586,1.12,1.00
2017.01.27 02:45:53.063,1.42565,1.42585,2.25,1.00
2017.01.27 02:45:54.414,1.42566,1.42584,1.75,1.00
2017.01.27 02:45:59.310,1.42567,1.42584,1.12,1.00
2017.01.27 02:45:59.361,1.4257,1.42584,1.00,1.00
2017.01.27 02:45:59.412,1.42572,1.42588,1.00,1.00
2017.01.27 02:45:59.563,1.42574,1.42591,1.00,1.00
2017.01.27 02:46:00.067,1.42572,1.42591,1.75,1.00
2017.01.27 02:46:00.294,1.42572,1.42593,2.25,2.25
2017.01.27 02:46:00.819,1.42572,1.4259,2.25,1.00
2017.01.27 02:46:00.971,1.42572,1.4259,2.25,1.00
2017.01.27 02:46:26.779,1.42571,1.4259,2.25,1.50
2017.01.27 02:46:28.113,1.42571,1.4259,1.12,1.00
2017.01.27 02:46:29.248,1.42572,1.4259,1.00,1.00
2017.01.27 02:46:36.486,1.42571,1.4259,1.00,1.00
2017.01.27 02:46:40.146,1.4257,1.42589,3.00,1.00
2017.01.27 02:46:47.547,1.42571,1.42589,1.00,1.00
2017.01.27 02:46:51.806,1.42572,1.42589,1.00,1.00
2017.01.27 02:47:09.098,1.42576,1.42591,1.00,1.12
2017.01.27 02:47:09.149,1.42574,1.42591,1.12,1.00
2017.01.27 02:47:10.781,1.42571,1.42591,1.87,1.00
2017.01.27 02:47:17.037,1.4257,1.42588,2.25,1.00
2017.01.27 02:47:18.144,1.42572,1.42588,1.00,1.00
2017.01.27 02:47:19.006,1.4257,1.42588,3.37,1.00
2017.01.27 02:47:19.661,1.4257,1.42588,3.00,1.00
2017.01.27 02:47:24.963,1.42571,1.42588,1.12,1.00
2017.01.27 02:47:25.114,1.42572,1.4259,1.50,1.00
2017.01.27 02:47:25.165,1.42574,1.4259,1.00,1.00
2017.01.27 02:47:25.671,1.42572,1.4259,1.00,1.00
2017.01.27 02:47:26.216,1.42573,1.4259,1.00,1.00
2017.01.27 02:47:35.162,1.42572,1.4259,1.00,1.00
2017.01.27 02:47:36.722,1.42573,1.4259,1.00,1.00
2017.01.27 02:47:40.265,1.42573,1.42591,1.50,1.50
2017.01.27 02:47:54.093,1.4257,1.42589,2.25,1.00
2017.01.27 02:47:54.876,1.4257,1.42589,1.00,1.12
2017.01.27 02:47:55.536,1.4257,1.42588,1.00,1.00
2017.01.27 02:47:59.387,1.42571,1.42588,1.00,1.00
2017.01.27 02:48:03.412,1.42569,1.42588,2.25,1.00
2017.01.27 02:48:04.318,1.42568,1.42586,1.12,1.00
2017.01.27 02:48:05.827,1.42567,1.42586,1.00,1.50
2017.01.27 02:48:08.410,1.42564,1.42585,2.25,1.00
2017.01.27 02:48:08.745,1.42564,1.42582,1.50,1.00
2017.01.27 02:48:09.718,1.42567,1.42585,1.00,1.50
2017.01.27 02:48:10.021,1.4257,1.42587,1.12,1.00
2017.01.27 02:48:10.324,1.42567,1.42587,1.50,1.00
2017.01.27 02:48:11.746,1.42566,1.42587,1.87,1.12
2017.01.27 02:48:12.344,1.42567,1.42587,1.00,1.12
2017.01.27 02:48:16.995,1.42566,1.42587,1.87,1.12
2017.01.27 02:48:17.503,1.42567,1.42587,1.00,1.12
2017.01.27 02:48:18.716,1.42566,1.42587,1.87,1.12
2017.01.27 02:48:20.106,1.42566,1.42587,1.87,1.75
2017.01.27 02:48:26.304,1.42567,1.42586,1.00,1.50
2017.01.27 02:48:29.036,1.42567,1.42586,1.12,1.12
2017.01.27 02:48:29.338,1.42573,1.4259,1.00,1.00
2017.01.27 02:48:29.610,1.42571,1.4259,1.00,1.00
2017.01.27 02:48:30.160,1.42569,1.4259,1.50,1.00
2017.01.27 02:48:31.473,1.42571,1.4259,1.00,1.00
2017.01.27 02:48:31.524,1.42573,1.4259,1.00,1.00
2017.01.27 02:48:31.911,1.42578,1.42594,1.00,1.00
2017.01.27 02:48:32.063,1.42577,1.42596,1.50,1.00
2017.01.27 02:48:32.574,1.42577,1.42596,1.00,1.00
2017.01.27 02:48:42.015,1.4258,1.42596,1.00,1.00
2017.01.27 02:48:42.650,1.42579,1.42596,1.00,1.00
2017.01.27 02:48:43.782,1.42581,1.42598,1.00,1.00
2017.01.27 02:48:43.992,1.42582,1.42601,1.00,1.00
2017.01.27 02:48:44.973,1.4258,1.42601,2.25,1.00
2017.01.27 02:48:45.535,1.4258,1.42601,1.12,1.12
2017.01.27 02:48:55.394,1.4258,1.42601,1.00,1.75
2017.01.27 02:48:55.649,1.42578,1.42597,1.00,1.00
2017.01.27 02:49:03.847,1.42574,1.42593,2.25,1.33
2017.01.27 02:49:03.898,1.42574,1.42593,1.50,1.33
2017.01.27 02:49:04.427,1.42574,1.42592,1.00,1.08
2017.01.27 02:49:04.766,1.42574,1.42593,1.00,1.83
2017.01.27 02:49:05.275,1.42574,1.42591,1.00,1.00
2017.01.27 02:49:05.742,1.42571,1.42591,1.12,1.50
2017.01.27 02:49:09.711,1.42572,1.42591,1.00,1.50
2017.01.27 02:49:10.013,1.42575,1.42591,1.00,1.50
2017.01.27 02:49:10.215,1.42577,1.42593,1.00,1.00
2017.01.27 02:49:10.266,1.42579,1.42593,1.00,1.00
2017.01.27 02:49:10.417,1.42578,1.42596,1.00,1.50
2017.01.27 02:49:11.086,1.42578,1.42596,1.00,1.12
2017.01.27 02:49:11.632,1.42577,1.42598,1.12,1.75
2017.01.27 02:49:16.618,1.42578,1.42598,1.00,1.75
2017.01.27 02:49:17.159,1.42577,1.42598,1.00,1.75
2017.01.27 02:49:22.867,1.42578,1.42598,1.00,1.75
2017.01.27 02:49:23.455,1.42579,1.42598,1.00,1.75
2017.01.27 02:49:23.996,1.42578,1.42598,1.00,1.75
2017.01.27 02:49:24.775,1.42578,1.42598,1.00,1.50
2017.01.27 02:49:25.824,1.42579,1.42597,1.00,1.12
2017.01.27 02:49:38.801,1.42578,1.42597,1.00,1.12
2017.01.27 02:49:39.054,1.42576,1.42597,1.87,1.12
2017.01.27 02:49:39.628,1.42576,1.42597,1.50,2.25
2017.01.27 02:49:43.436,1.42577,1.42596,1.00,1.12
2017.01.27 02:49:45.085,1.42579,1.42596,1.00,1.12
2017.01.27 02:49:45.704,1.42578,1.42598,1.00,1.75
2017.01.27 02:49:47.602,1.4258,1.42598,1.00,1.75
2017.01.27 02:49:48.211,1.42579,1.42598,1.00,1.75
2017.01.27 02:49:49.201,1.42578,1.42598,1.00,1.75
2017.01.27 02:49:49.532,1.42579,1.42598,1.50,1.00
2017.01.27 02:49:54.131,1.42578,1.42598,1.00,1.87
2017.01.27 02:49:54.434,1.42576,1.42594,1.50,1.00
2017.01.27 02:49:54.748,1.42575,1.42594,1.12,1.12
2017.01.27 02:49:55.536,1.42573,1.42594,1.87,1.12
2017.01.27 02:49:58.118,1.42574,1.42594,1.00,1.12
2017.01.27 02:49:58.219,1.42576,1.42594,1.00,1.12
2017.01.27 02:49:58.725,1.42577,1.42594,1.00,1.12
2017.01.27 02:50:00.698,1.42576,1.42594,1.00,1.12
2017.01.27 02:50:06.988,1.42577,1.42594,1.00,1.12
2017.01.27 02:50:07.547,1.42576,1.42594,1.00,1.12
2017.01.27 02:50:13.388,1.42579,1.42596,1.00,1.50
2017.01.27 02:50:13.664,1.42582,1.42599,1.00,1.00
2017.01.27 02:50:17.328,1.42584,1.42601,1.00,1.12
2017.01.27 02:50:17.814,1.42586,1.42601,1.00,1.00
2017.01.27 02:50:18.375,1.42584,1.42601,1.00,1.00
2017.01.27 02:50:18.901,1.42583,1.42601,1.12,1.00
2017.01.27 02:50:19.347,1.42579,1.42597,1.00,1.00
2017.01.27 02:50:20.007,1.42578,1.42597,1.50,1.00
2017.01.27 02:50:25.215,1.42577,1.42595,1.00,1.00
2017.01.27 02:50:25.902,1.42576,1.42595,1.87,1.12
2017.01.27 02:50:31.438,1.42575,1.42594,1.00,1.50
2017.01.27 02:50:31.702,1.42572,1.42591,1.00,1.00
2017.01.27 02:50:31.752,1.4257,1.42589,2.62,1.12
2017.01.27 02:50:33.734,1.4257,1.42589,1.00,1.50
2017.01.27 02:50:36.555,1.42571,1.42589,1.00,2.25
2017.01.27 02:50:36.876,1.4258,1.42591,1.00,1.00
2017.01.27 02:50:36.928,1.42578,1.42593,1.00,1.00
2017.01.27 02:50:37.079,1.42577,1.42595,1.00,1.00
2017.01.27 02:50:37.602,1.42576,1.42596,1.12,1.50
2017.01.27 02:50:37.652,1.42573,1.42593,1.12,1.00
2017.01.27 02:50:38.154,1.42572,1.42593,3.37,1.00
2017.01.27 02:50:38.660,1.42576,1.42593,1.00,1.00
2017.01.27 02:50:40.662,1.42576,1.42594,1.00,1.12
2017.01.27 02:50:41.506,1.42575,1.42594,1.87,1.12
2017.01.27 02:50:43.278,1.42578,1.42594,1.00,1.12
2017.01.27 02:50:43.380,1.42576,1.42594,1.00,1.12
2017.01.27 02:50:43.914,1.42575,1.42594,1.87,1.12
2017.01.27 02:50:44.206,1.42579,1.42594,1.00,1.12
2017.01.27 02:50:44.307,1.4258,1.42597,1.00,1.50
2017.01.27 02:50:44.813,1.42578,1.42597,2.25,1.00
2017.01.27 02:50:44.964,1.42578,1.42597,1.00,1.50
2017.01.27 02:50:45.951,1.42578,1.42597,1.00,1.75
2017.01.27 02:50:46.043,1.42576,1.42596,1.00,1.75
2017.01.27 02:50:50.142,1.42578,1.42596,1.00,1.75
2017.01.27 02:50:51.041,1.42578,1.42596,1.00,1.50
2017.01.27 02:50:51.386,1.4258,1.42597,1.00,1.12
2017.01.27 02:50:51.616,1.42578,1.42597,1.50,1.12
2017.01.27 02:50:51.666,1.42578,1.42597,1.50,1.75
2017.01.27 02:50:53.428,1.42578,1.42597,1.50,1.50
2017.01.27 02:50:53.742,1.42581,1.42597,1.00,1.50
2017.01.27 02:50:54.142,1.42578,1.42597,1.50,1.50
2017.01.27 02:50:55.656,1.42579,1.42598,1.00,1.75
2017.01.27 02:51:04.337,1.42579,1.42598,1.00,1.75
2017.01.27 02:51:10.686,1.42578,1.42597,1.00,1.75
2017.01.27 02:51:12.601,1.4258,1.42597,1.00,1.12
2017.01.27 02:51:23.387,1.42581,1.42597,1.00,1.12
2017.01.27 02:51:23.538,1.42583,1.426,1.00,1.12
2017.01.27 02:51:23.690,1.42587,1.42601,1.00,2.25
2017.01.27 02:51:24.314,1.42586,1.42601,1.00,1.12
2017.01.27 02:51:55.776,1.42586,1.42603,1.00,1.12
2017.01.27 02:52:00.506,1.42584,1.42603,2.62,1.12
2017.01.27 02:52:01.044,1.42584,1.42603,2.25,1.50
2017.01.27 02:52:07.632,1.42581,1.42601,1.00,1.00
2017.01.27 02:52:07.682,1.4258,1.42598,1.12,1.00
2017.01.27 02:52:07.935,1.42578,1.42598,1.50,1.50
2017.01.27 02:52:10.831,1.42578,1.42596,1.00,1.00
2017.01.27 02:52:13.525,1.42579,1.42596,1.00,1.00
2017.01.27 02:52:13.729,1.42581,1.42596,1.00,1.00
2017.01.27 02:52:14.298,1.4258,1.42596,1.00,1.00
2017.01.27 02:52:14.603,1.42584,1.426,1.00,1.12
2017.01.27 02:52:15.229,1.42586,1.426,1.00,1.12
2017.01.27 02:52:25.836,1.42586,1.42601,1.00,1.00
2017.01.27 02:52:27.910,1.42584,1.42601,1.12,1.00
2017.01.27 02:52:28.112,1.42582,1.42601,1.00,1.50
2017.01.27 02:52:28.313,1.4258,1.42599,1.87,1.00
2017.01.27 02:52:31.615,1.42581,1.42599,1.00,1.12
2017.01.27 02:52:40.575,1.42583,1.42599,1.00,1.00
2017.01.27 02:52:41.255,1.42583,1.42601,1.00,1.50
2017.01.27 02:52:44.934,1.42581,1.42601,1.12,1.50
2017.01.27 02:52:45.444,1.4258,1.42601,1.00,1.50
2017.01.27 02:52:52.760,1.42581,1.42601,1.00,2.25
2017.01.27 02:52:52.810,1.42583,1.42601,1.00,2.25
2017.01.27 02:52:53.374,1.42584,1.42601,1.00,1.12
2017.01.27 02:52:54.295,1.42585,1.42601,1.00,1.12
2017.01.27 02:52:55.928,1.42585,1.42602,1.00,1.00
2017.01.27 02:53:03.322,1.42586,1.42602,1.00,1.00
2017.01.27 02:53:03.927,1.42587,1.42602,1.00,1.00
2017.01.27 02:53:04.315,1.4259,1.42603,1.00,1.00
2017.01.27 02:53:04.366,1.42589,1.42605,1.00,1.00
2017.01.27 02:53:04.468,1.42592,1.42607,1.00,1.00
2017.01.27 02:53:04.671,1.42594,1.4261,1.00,2.25
2017.01.27 02:53:04.721,1.42598,1.4261,1.00,1.00
2017.01.27 02:53:04.772,1.42598,1.42613,1.00,1.00
2017.01.27 02:53:04.924,1.426,1.42614,1.00,1.00
2017.01.27 02:53:05.025,1.426,1.42616,1.00,1.00
2017.01.27 02:53:05.075,1.426,1.42614,1.00,1.00
2017.01.27 02:53:05.126,1.426,1.42619,1.00,3.00
2017.01.27 02:53:05.429,1.426,1.42614,1.50,1.00
2017.01.27 02:53:05.681,1.426,1.42617,1.00,1.50
2017.01.27 02:53:05.939,1.426,1.42614,1.50,1.87
2017.01.27 02:53:06.233,1.42598,1.42613,1.00,1.12
2017.01.27 02:53:06.284,1.42594,1.4261,1.00,1.00
2017.01.27 02:53:06.537,1.42594,1.42607,1.50,1.12
2017.01.27 02:53:06.638,1.42595,1.4261,1.00,1.50
2017.01.27 02:53:06.739,1.42594,1.4261,1.00,1.37
2017.01.27 02:53:06.790,1.42594,1.4261,1.00,1.00
2017.01.27 02:53:07.626,1.42594,1.42613,1.00,2.25
2017.01.27 02:53:08.084,1.42596,1.42611,1.00,1.50
2017.01.27 02:53:08.380,1.42595,1.42613,1.00,2.25
2017.01.27 02:53:08.431,1.42597,1.42613,1.00,2.25
2017.01.27 02:53:09.090,1.42597,1.42613,1.00,1.12
2017.01.27 02:53:09.619,1.42596,1.42613,1.00,1.12
2017.01.27 02:53:10.180,1.42597,1.42613,1.00,1.12
2017.01.27 02:53:10.483,1.42599,1.42614,1.00,1.50
2017.01.27 02:53:11.815,1.42598,1.42616,1.50,1.87
2017.01.27 02:53:11.967,1.42598,1.42616,1.50,1.50
2017.01.27 02:53:12.017,1.426,1.42616,1.00,1.50
2017.01.27 02:53:12.415,1.42598,1.42616,1.50,1.50
2017.01.27 02:53:13.329,1.42598,1.42616,1.00,1.87
2017.01.27 02:53:13.380,1.42598,1.42616,1.00,2.62
2017.01.27 02:53:13.431,1.42595,1.42613,1.12,1.00
2017.01.27 02:53:14.088,1.42595,1.42613,1.00,1.50
2017.01.27 02:53:15.312,1.42594,1.42613,1.50,1.50
2017.01.27 02:53:15.899,1.42594,1.42613,1.50,1.12
2017.01.27 02:53:16.316,1.42596,1.42613,1.00,1.12
2017.01.27 02:53:16.417,1.42594,1.42613,1.50,1.50
2017.01.27 02:53:17.017,1.42595,1.42613,1.00,1.50
2017.01.27 02:53:17.270,1.42597,1.42613,1.00,1.50
2017.01.27 02:53:17.724,1.42599,1.42615,1.00,1.75
2017.01.27 02:53:17.926,1.42596,1.42615,1.00,2.62
2017.01.27 02:53:18.552,1.42597,1.42615,1.00,1.50
2017.01.27 02:53:20.008,1.42596,1.42615,1.50,1.50
2017.01.27 02:53:20.210,1.42594,1.42613,2.25,1.12
2017.01.27 02:53:20.311,1.42596,1.42613,1.00,1.12
2017.01.27 02:53:20.614,1.42598,1.42613,1.00,1.00
2017.01.27 02:53:20.715,1.42596,1.42613,1.00,1.00
2017.01.27 02:53:20.817,1.42598,1.42613,1.00,1.00
2017.01.27 02:53:20.968,1.42596,1.42613,1.00,1.00
2017.01.27 02:53:21.615,1.42596,1.42614,1.00,1.00
2017.01.27 02:53:23.012,1.42595,1.42615,2.25,1.50
2017.01.27 02:53:23.595,1.42596,1.42616,1.12,2.62
2017.01.27 02:53:25.900,1.42599,1.42615,1.00,1.00
2017.01.27 02:53:26.090,1.42599,1.42619,1.87,1.50
2017.01.27 02:53:26.141,1.42601,1.4262,1.12,1.50
2017.01.27 02:53:26.679,1.42602,1.4262,1.12,1.12
2017.01.27 02:53:36.415,1.42602,1.42621,1.87,1.50
2017.01.27 02:53:36.731,1.42605,1.42621,1.00,1.50
2017.01.27 02:53:39.076,1.42604,1.42621,1.00,1.00
2017.01.27 02:53:39.792,1.42603,1.42621,1.00,1.00
2017.01.27 02:53:40.424,1.42604,1.42621,1.00,1.00
2017.01.27 02:53:40.925,1.42605,1.42621,1.00,1.00
2017.01.27 02:53:41.045,1.42605,1.42623,1.00,1.12
2017.01.27 02:53:41.413,1.42602,1.42623,2.25,1.12
2017.01.27 02:53:41.464,1.42602,1.42623,2.25,1.37
2017.01.27 02:53:41.566,1.42601,1.4262,1.50,1.12
2017.01.27 02:53:41.717,1.42599,1.42619,1.12,1.50
2017.01.27 02:53:42.020,1.42601,1.42619,1.00,2.62
2017.01.27 02:53:42.541,1.426,1.42619,1.00,2.62
2017.01.27 02:53:44.434,1.426,1.42617,1.00,1.37
2017.01.27 02:53:51.170,1.42598,1.42617,1.50,1.87
2017.01.27 02:53:54.744,1.42597,1.42616,1.12,1.12
